3572 5444
833 463 1012 536 ..18-

283 641 427 720 scriptum
449 657 466 699 a
487 637 619 698 sententio
638 637 787 715 discrepat
798 653 891 713 genus
900 635 1045 716 quoddam
1056 633 1143 697 habet
1157 634 1304 715 ambigui3
1320 635 1397 716 quod
1408 643 1471 698 tum
1480 637 1570 719 expli·

280 744 378 814 catur,
399 753 491 816 quum
512 753 545 796 ea
565 733 665 811 verba,
688 751 763 814 quae
782 732 899 810 desunt,
922 739 1056 811 suggesta
1078 741 1157 797 sunt.
1181 732 1221 794 lte
1245 731 1323 796 Orat.
1337 733 1370 799 L.
1384 734 1448 799 Sec.
1462 733 1561 799 1111111.

219 829 220 838 ’
284 832 353 895 llil.
375 867 416 880 -
436 851 614 896 suurnurm
633 865 674 876 -
694 827 729 895 V.
752 829 907 908 Aristonis,
930 830 1100 911 Pyrrhonis,
1123 828 1226 891 Herilli
1247 831 1306 890 iam
1327 830 1441 910 pridem
1453 830 1567 912 explosa

169 929 176 944 “
281 932 412 992 sententio
431 937 484 994 est.
507 929 548 991 De
572 926 625 1010 Off.
642 928 675 992 L.
692 927 724 992 P.
748 925 819 991 116.
841 963 883 974 -
903 925 1016 988 Harum
1036 927 1230 988 sententiarum
1250 945 1325 1007 quae
1346 945 1414 990 vera
1435 929 1472 990 sit
1493 927 1567 990 deus

282 1027 373 1106 aliqui
403 1027 518 1091 viderit.
546 1027 623 1088 Taso.
648 1025 680 1090 L.
704 1024 737 1090 P.
760 1023 862 1088 11113.
885 1057 926 1070 -
946 1023 1084 1087 Sententia
1104 1031 1147 1086 est
1167 1025 1259 1085 oratio
1290 1031 1405 1105 sumpta
1426 1024 1463 1086 de
1484 1027 1564 1103 vita,

283 1143 357 1204 quae
387 1131 437 1185 aut
469 1122 539 1203 quid
560 1123 597 1184 sit
619 1129 669 1184 aut
691 1121 761 1202 quid
783 1141 845 1184 esse
875 1129 1003 1203 oporteat
1024 1123 1055 1182 in
1075 1123 1155 1198 vita,
1178 1120 1306 1182 breviter
1336 1121 1481 1198 ostendit,
1512 1114 1567 1184 hod

282 1227 381 1302 pacto:
404 1219 526 1281 Difficile
547 1225 589 1280 est
611 1220 740 1300 primum
761 1221 899 1281 virtutem
921 1221 1071 1296 revereri,
1094 1221 1146 1299 qui
1166 1237 1279 1299 semper
1295 1218 1422 1280 secunda
1448 1218 1565 1280 fortuna

281 1319 319 1378 sit
341 1335 422 1381 usus.
446 1315 535 1378 Item:
560 1316 647 1378 Liber
669 1319 693 1378 is
714 1325 757 1379 est
778 1317 1000 1394 existimandae,
1013 1318 1064 1398 qui
1085 1315 1160 1376 nulli
1180 1316 1358 1396 turpitudini
1368 1316 1467 1378 servit.
1481 1315 1563 1378 item:

282 1413 377 1491 Egens
397 1433 487 1494 aeque
508 1420 550 1474 est
570 1414 607 1490 io,
630 1415 682 1494 qui
702 1431 761 1474 non
781 1415 851 1475 satis
871 1414 979 1491 habet,
1002 1422 1030 1475 et
1051 1415 1097 1492 is,
1120 1413 1169 1473 cui
1189 1414 1258 1473 satis
1279 1411 1354 1473 nihil
1374 1420 1466 1493 potest
1488 1431 1564 1476 esse.

282 1510 371 1572 ltem:
395 1509 509 1590 Optima
530 1510 646 1571 vivendi
667 1512 741 1572 ratio
761 1519 804 1574 est
825 1509 974 1589 eligenda3
997 1529 1060 1571 eam
1082 1509 1240 1571 iucundam
1262 1509 1439 1571 consuetudo
1450 1509 1561 1574 reddet.

281 1607 360 1670 Rbet.
384 1607 416 1670 L.
440 1605 543 1679 Quart.
566 1605 708 1671 xvllat.
731 1641 772 1654 -
792 1625 941 1670 nannum.
964 1641 1005 1652 -
1024 1606 1059 1671 V.
1083 1605 1205 1686 Delphis.
1229 1605 1269 1668 De
1289 1606 1410 1670 Diviout.
1439 1607 1471 1670 L.
1496 1607 1560 1670 Sec.

280 1703 448 1768 xxxitoo.
471 1703 606 1764 -dona
629 1704 782 1781 magnifica
803 1706 887 1784 quasi
907 1703 1063 1765 libamenta
1085 1704 1260 1784 praedarum
1281 1703 1397 1784 ttetptoe
1418 1703 1453 1764 ad
1475 1703 1561 1784 Apol-

281 1801 370 1862 linem
391 1802 480 1870 misit.
504 1799 544 1860 lle
563 1796 605 1862 Re
625 1799 694 1862 Pub.
718 1801 750 1864 L.
775 1802 837 1866 Sco.
861 1800 1013 1865 lixivus.
1026 1800 1112 1864 -R.
1126 1801 1292 1881 Numquam
1313 1799 1385 1862 illud
1405 1800 1557 1861 oraculum

280 1897 392 1977 Delphis
422 1904 482 1960 tam
514 1896 627 1958 celebre
648 1905 756 1959 ettam
784 1897 897 1958 clarum
929 1898 1029 1960 luisset
1060 1917 1154 1978 neque
1186 1899 1274 1959 tantis
1304 1897 1385 1959 donis
1416 1895 1557 1956 refertum

280 1996 411 2055 omnium
418 1993 595 2074 'populorum
607 2001 693 2074 atque
704 2012 819 2072 regum,
829 1997 885 2055 nisi
896 1997 990 2056 omnis
1001 2003 1079 2056 aetas
1087 1995 1272 2056 oraculorum
1284 1994 1401 2056 illorum
1409 1993 1560 2053 veritatem

281 2098 354 2152 esset
365 2099 493 2171 experta.
507 2089 585 2151 Idem
598 2091 708 2151 iamdiu
723 2111 781 2152 non
792 2091 869 2152 iacit.
884 2091 921 2153 Ut
932 2093 1022 2168 igitur
1033 2111 1113 2152 nunc
1127 2094 1239 2152 minore
1250 2091 1342 2168 gloria
1353 2096 1406 2166 est,
1419 2088 1487 2168 quia
1508 2087 1564 2146 mi-

280 2207 337 2248 nus
348 2187 533 2248 oraculorum
545 2188 650 2260 veritas
661 2187 786 2266 excellit,
802 2189 844 2248 sic
859 2195 921 2248 tum
932 2189 989 2248 nisi
1000 2207 1114 2248 summa
1126 2190 1246 2248 veritate
1257 2189 1288 2246 in
1300 2194 1378 2248 tanta
1393 2184 1484 2262 gloria
1505 2201 1564 2244 non

280 2285 391 2348 suisset.
405 2284 499 2344 Potest
510 2290 607 2345 autem
618 2285 661 2344 vis
673 2283 722 2344 illa
733 2294 839 2360 terrae,
862 2304 937 2365 quae
957 2291 1083 2345 mentem
1095 2283 1208 2360 Pythiae
1228 2283 1318 2342 dtot'oo
1328 2281 1429 2360 adflata
1439 2282 1566 2341 concita-

280 2381 340 2458 bat,
358 2399 529 2442 evanescere
550 2387 702 2444 vetustate.
725 2381 766 2441 lle
786 2379 906 2442 Dtotoot.
931 2381 962 2444 L.
987 2380 1019 2442 P.
1043 2379 1203 2442 ximat-8.
1226 2413 1266 2424 -··
1286 2395 1351 2440 uon
1372 2394 1563 2440 arsenarum

279 2495 457 2540 suurnnrm
471 2495 620 2540 eunome.
643 2511 684 2522 —
704 2476 738 2540 V.
763 2485 910 2557 tamquam
931 2496 966 2538 en
986 2477 1092 2537 oraculo
1113 2475 1220 2540 editur.
1244 2474 1285 2536 De
1305 2474 1369 2536 Ft‘o.
1404 2473 1436 2537 L.
1460 2472 1561 2546 Quint.

192 2603 203 2622 ·-
278 2573 444 2638 1111111119.
466 2607 507 2618 -
527 2574 611 2654 quasi
633 2572 751 2633 oracula
772 2573 895 2635 edidisse
927 2573 1083 2653 sapientiae
1114 2573 1233 2633 dicitur.
1256 2571 1324 2632 tttt.
1348 2571 1380 2632 L.
1404 2571 1470 2635 Sec.
1499 2569 1560 2632 Vll.

278 2670 330 2734 20.
361 2707 401 2717 -
432 2669 467 2732 R.
490 2671 567 2749 quod
588 2668 689 2749 Apollo
709 2669 829 2750 Pythius
860 2669 1011 2733 oraculum
1043 2669 1143 2733 edidit.
1167 2670 1207 2730 lle
1231 2667 1284 2751 Off.
1308 2669 1341 2732 L.
1376 2669 1439 2734 Sec.
1471 2665 1559 2731 XXll.

281 2769 329 2832 11.
352 2801 392 2812 -
412 2765 630 2838 Quidestenim
642 2765 832 2845 praeclarius,
855 2767 1113 2845 quamhonoribus
1134 2774 1162 2828 et
1173 2769 1216 2828 rei
1237 2764 1371 2846 publicae
1389 2765 1562 2826 muneribus

280 2863 444 2944 periurium
476 2881 575 2925 senem
596 2881 678 2944 posse
699 2881 751 2924 suo
772 2865 837 2922 iure
858 2862 954 2924 dicere
975 2863 1073 2940 idem,
1100 2861 1176 2943 quod
1208 2863 1285 2942 apud
1323 2862 1453 2924 Ennium
1485 2863 1564 2922 dicat

280 2959 328 3021 ille
351 2959 472 3040 Pythius
492 2959 604 3040 Apollo,
627 2979 657 3022 se
678 2979 740 3022 esse
761 2978 841 3037 eum,
866 2979 882 3020 u
905 2960 982 3021 unde
1003 2959 1076 3036 sibi,
1101 2979 1117 3022 n
1140 2961 1165 3020 si
1185 2959 1421 3040 nonupopuliet
1436 2977 1559 3038 regest)

277 3065 307 3120 at
328 3076 428 3120 omncs
449 3059 496 3118 sui
517 3059 593 3118 cives
616 3077 633 3118 u
655 3057 810 3119 consilium
832 3065 977 3138 expetant,

519 3157 709 3219 Summarum
731 3173 833 3216 rerum
855 3156 973 3216 incerti:
997 3172 1069 3232 quos
1090 3171 1142 3229 ego
1163 3172 1215 3233 ope
1236 3171 1299 3214 mea

518 3251 561 3314 Ex
583 3254 703 3314 incertis
725 3260 818 3312 certos
839 3257 1040 3330 compotesque
1061 3249 1162 3310 consili

518 3349 648 3426 Dimitto,
672 3355 704 3408 ut
725 3367 762 3408 ne
783 3365 831 3408 res
851 3357 960 3408 temere
981 3353 1105 3408 tractent
1127 3345 1268 3410 turbidas
1293 3367 1310 3408 a

159 3445 162 3450 ’
278 3447 328 3508 Est
358 3446 436 3508 enim
468 3447 530 3506 sine
561 3445 650 3505 dubio
681 3445 784 3505 domus
816 3445 889 3504 iuris
920 3443 1044 3504 consulti
1074 3445 1162 3504 totius
1183 3443 1336 3505 oraculum
1357 3443 1489 3506 civitatis.
1516 3439 1554 3502 lle

281 3543 356 3606 Orat.
390 3543 422 3606 L.
456 3541 489 3605 P.
512 3539 743 3604 Xtvloo-too.
766 3560 913 3622 -quem
944 3541 1062 3621 quidem
1092 3539 1141 3602 ille
1168 3559 1307 3618 versum,
1341 3540 1385 3603 vel
1415 3538 1557 3600 brevitate

276 3639 322 3702 vel
352 3640 473 3701 veritate
503 3645 654 3718 tamquam
675 3657 710 3698 en
731 3637 848 3699 oraculo
876 3638 949 3698 mihi
979 3637 1104 3717 quodam
1136 3657 1198 3700 esse
1229 3639 1332 3700 effatus
1363 3637 1489 3700 videtur.
1518 3631 1558 3696 lle

277 3737 317 3800 Re
337 3738 405 3798 Pol.
430 3737 462 3800 L.
486 3733 587 3808 Quint.
612 3735 669 3800 1.1.
691 3734 857 3797 —Geram
878 3734 932 3796 tibi
952 3751 1064 3795 morem
1084 3741 1112 3796 et
1133 3754 1177 3812 ea,
1200 3753 1275 3814 quae
1295 3737 1360 3813 tis,
1383 3742 1415 3796 ut
1437 3740 1556 3816 potero,

277 3834 446 3912 explicabo,
465 3823 522 3896 ¹nec
542 3839 641 3894 tamen
662 3835 746 3913 quasi
768 3833 889 3913 Pythius
909 3830 1031 3911 Apollo,
1055 3838 1133 3892 certa
1155 3839 1187 3892 ut
1208 3834 1266 3893 sint
1284 3840 1314 3894 et
1335 3833 1391 3892 lixa
1420 3850 1496 3910 quae
1516 3823 1559 3892 di·

276 3947 367 4008 nere,
391 3929 441 3992 scd
462 3938 494 3991 ut
515 3929 713 3992 homunculus
744 3949 822 3991 unus
843 3949 859 3991 e
879 3928 1000 4004 multis,
1030 3927 1190 4008 probabilia
1221 3932 1387 3992 coniectura
1419 3945 1555 4008 sequens

218 4093 221 4099 ,
281 4027 358 4088 Taso.
382 4025 415 4090 L.
438 4026 471 4089 P.
494 4025 624 4091 Vlll.ll.
656 4063 697 4074 ·-
717 4045 785 4088 cum
817 4026 941 4108 Sibyllae
971 4024 1105 4086 versibus
1137 4027 1345 4105 congruebant.
1373 4025 1414 4087 Pe
1434 4024 1555 4087 Dtotoot.

276 4123 310 4188 L.
333 4123 367 4186 P.
389 4121 542 4186 11111191.
575 4159 616 4170 -
646 4123 709 4197 Quo
739 4125 776 4185 de
806 4141 912 4202 genere
942 4120 1089 4203 Apollinis
1114 4132 1212 4204 operta
1243 4121 1353 4204 prolata
1385 4129 1464 4186 sunt.
1487 4121 1555 4183 ltid.

276 4220 384 4286 L.ll5.
406 4219 544 4280 -Haec
573 4223 711 4281 tractanti
742 4223 838 4282 animo
859 4227 887 4282 et
907 4226 1004 4281 noctes
1025 4227 1053 4281 et
1074 4219 1135 4283 dies
1166 4223 1302 4300 cogitanti
1333 4223 1443 4286 exsistit
1471 4218 1557 4296 illaa

276 4318 330 4380 deo
350 4317 462 4397 Delphis
489 4324 640 4398 praecepta
670 4319 814 4396 cognitio,
837 4325 869 4380 ut
891 4320 951 4400 ipsa
979 4335 1010 4378 se
1037 4336 1118 4383 mens
1149 4328 1284 4399 agnoscat
1314 4321 1558 4398 coniunctamque

276 4435 344 4478 cum
365 4417 455 4478 diuino
486 4423 583 4487 mente
603 4434 634 4476 se
655 4417 780 4494 sentiat,
803 4435 837 4478 en
858 4436 916 4498 quo
936 4420 1094 4482 insatiabili
1124 4419 1230 4496 gaudio
1260 4417 1449 4500 compleatur.
1477 4416 1554 4476 Tuae.

276 4512 309 4576 L.
332 4511 431 4585 Quint.
454 4511 593 4578 XXV.'10.
615 4513 758 4586 -Quod
789 4523 974 4597 praeceptum
1005 4517 1074 4598 quia
1105 4518 1200 4578 maius
1229 4524 1312 4594 erat,
1334 4533 1423 4596 quam
1449 4512 1486 4574 ab
1506 4511 1558 4572 ho-

274 4610 353 4672 mine
373 4609 534 4690 videretur,
557 4611 666 4674 idcirco
686 4611 870 4692 adsignatum
892 4620 935 4676 est
955 4614 1019 4678 deo.
1043 4613 1126 4676 lubet
1148 4615 1239 4691 igitur
1260 4631 1312 4675 uos
1323 4612 1444 4694 Pythius
1456 4606 1557 4691 Apollo
