3572 5444
756 449 933 520 ...39-

207 623 318 686 XXXX).
333 653 374 667 -
388 637 452 686 uuo
466 653 506 667 -
520 619 554 683 V.
571 623 632 681 tene.
649 619 689 682 De
701 617 765 682 rto.
778 619 810 682 L.
832 619 862 682 Τ.
876 618 946 683 ΙΙ.8.
959 619 1085 692 -Quid
1096 626 1141 697 tu,
1153 622 1263 700 inquit,
1276 620 1428 684 enotriti.
1444 655 1484 670 -··

207 723 328 782 ineam.
365 719 404 780 iic
435 715 488 800 Off.
521 717 554 780 L.
588 716 620 778 Τ.
655 715 794 782 xviim.
827 749 867 762 -
895 735 933 778 sn
964 734 1113 780 emonam
1134 751 1174 764 -
1194 716 1229 779 V.
1261 718 1385 780 Deiectus
1416 735 1484 780 vero

134 833 136 838 ·
206 819 258 897 qni
289 823 463 898 potestesse
484 815 649 894 quisquam,
672 815 780 874 nisiin
805 813 970 876 inferiorem
991 814 1085 876 locum
1118 814 1153 876 de
1184 817 1334 895 superiore
1365 819 1483 878 motus?

205 915 261 975 Pro
283 911 392 975 L'oecin.
415 910 554 974 xvlluo.
571 945 611 956 -
631 913 682 992 qui
702 931 729 971 se
753 912 953 992 praecipitatos
985 930 1019 974 ex
1051 911 1120 987 locis
1152 912 1353 993 superioribus
1373 930 1481 980 —eos

206 1012 284 1072 enim
313 1027 381 1071 vere
412 1027 564 1090 possumus
595 1009 690 1070 dicere
722 1027 784 1070 esse
814 1011 936 1071 deiectos.
969 1009 1036 1072 tite.
1073 1043 1114 1056 -
1148 1011 1179 1074 Si
1208 1029 1277 1072 vero
1309 1029 1345 1071 ne
1376 1009 1483 1072 habeas

206 1107 323 1188 quidem
345 1125 460 1168 servum
481 1114 596 1186 praeter
617 1125 696 1183 eum,
722 1108 773 1186 qni
794 1115 840 1167 me
861 1108 998 1184 deiecerit,
1021 1107 1132 1168 elutum:
1164 1106 1302 1168 Videlicet
1333 1109 1358 1168 si
1389 1106 1480 1168 habeo

205 1203 391 1272 familiama
422 1203 529 1264 familia
562 1222 626 1266 mea
657 1203 747 1264 fateor
769 1210 796 1264 te
817 1221 879 1264 esso
899 1205 1041 1266 deieotmn.
1065 1203 1133 1267 ibid.
1156 1203 1283 1266 XIX.55.
1305 1207 1350 1249 —‘
1366 1203 1401 1266 R.
1425 1204 1481 1268 Sed

204 1309 363 1374 tamenest
384 1300 432 1361 ille
460 1302 588 1380 prudens.
605 1299 645 1360 lie
676 1300 715 1360 Re
742 1301 810 1361 Pu.
834 1301 866 1362 L.
891 1301 953 1364 Sec.
977 1299 1088 1363 xuni.
1121 1335 1162 1349 -
1188 1302 1299 1364 Suntne
1327 1302 1417 1378 igitur
1439 1303 1483 1362 in·

205 1399 294 1460 sidiae
316 1398 433 1458 tendere
461 1398 570 1478 plagas,
600 1399 686 1458 etiam
715 1399 739 1458 si
760 1399 925 1459 excitaturus
959 1417 1017 1459 non
1048 1399 1087 1458 sis
1119 1417 1172 1460 nec
1203 1400 1374 1476 agitaturus?
1405 1400 1482 1479 ipsae

111 1539 112 1546 .
202 1497 280 1556 enim
302 1496 380 1556 ferae
399 1495 472 1555 unito
493 1496 645 1573 insequente
665 1514 748 1576 saepe
769 1495 912 1557 incidunt.
936 1495 975 1556 De
999 1494 1052 1578 Off.
1076 1496 1108 1559 L.
1131 1495 1164 1558 T.
1188 1493 1328 1558 xvssua.
1351 1495 1481 1557 —Plus

203 1595 288 1653 etiam
312 1599 354 1652 est
374 1609 462 1670 quam
483 1593 560 1652 viam
581 1611 638 1652 non
664 1601 840 1654 monstrare:
865 1612 933 1654 nam
954 1600 997 1654 est·
1016 1595 1143 1654 scientem
1158 1595 1188 1654 in
1203 1611 1333 1654 errorem
1355 1593 1480 1654 alterum

205 1689 353 1750 inducere.
388 1687 454 1750 ibid.
478 1687 607 1750 Xlll.55.
630 1723 670 1734 —
701 1690 736 1772 U.
770 1689 895 1752 Tametsi
925 1692 1064 1752 moeniis
1095 1693 1202 1770 quidem
1233 1698 1326 1770 eaptus
1356 1693 1386 1752 in
1407 1691 1482 1751 hanc

206 1785 338 1846 fraudem
359 1792 419 1847 tam
440 1785 608 1847 sceleratam
624 1793 651 1847 et
667 1794 724 1848 tam
747 1787 887 1848 nefariam
908 1791 1046 1850 decidisti:
1067 1807 1135 1852 nam
1157 1787 1186 1848 id
1208 1789 1378 1868 concupisti,
1405 1789 1481 1868 qnod

205 1901 365 1963 numquam
391 1883 522 1944 videras:
553 1884 594 1960 id,
617 1885 748 1964 inquam,
781 1885 932 1962 adamasti,
955 1885 1031 1968 quod
1053 1893 1136 1946 antea
1158 1904 1215 1946 non
1236 1903 1398 1966 aspexeras.
1421 1886 1482 1946 Au-

205 1980 287 2041 ribus
307 1987 340 2040 tu
361 1986 470 2040 tantam
499 1980 686 2060 cupiditatem
708 1984 878 2060 concupisti,
909 1988 941 2042 ut
963 2000 1025 2042 eam
1059 2001 1116 2042 non
1138 1990 1244 2057 metus,
1277 2001 1334 2042 non
1367 1981 1479 2060 religio,

204 2097 261 2139 uon
281 2077 404 2138 deorum
425 2078 479 2154 vis,
503 2095 561 2136 non
583 2077 734 2137 hominum
756 2079 928 2139 existimatio
949 2081 1119 2141 contineret.
1142 2079 1175 2138 Iu
1202 2078 1278 2140 Verr.
1312 2078 1375 2139 Act.
1403 2080 1478 2143 Sect.

203 2176 235 2238 L.
249 2174 351 2248 Quart.
367 2174 522 2237 xnvnot.
536 2191 691 2246 -ArQun
703 2174 788 2237 -V.
811 2175 906 2256 Atque.
929 2176 970 2237 De
993 2175 1046 2257 Off.
1067 2178 1099 2239 L.
1116 2176 1149 2237 T.
1166 2173 1251 2237 XXX.
1268 2175 1353 2238 -R.
1377 2177 1437 2257 ipse
1457 2179 1481 2238 si

202 2273 285 2332 ueiii?
305 2271 380 2332 Ptii.
404 2273 481 2334 Seni.
515 2271 617 2334 litu.
646 2305 687 2316 —
711 2273 803 2336 Tollet.
826 2271 867 2333 Dc
897 2272 961 2336 Fin.
996 2274 1027 2335 L.
1055 2274 1117 2340 Sec.
1144 2272 1294 2335 xxlvna.
1317 2307 1357 2319 —-
1376 2294 1481 2336 sunere

202 2386 360 2448 possemus.
383 2368 440 2429 Pro
461 2367 545 2432 Arei.
570 2368 638 2430 109.
663 2368 721 2430 Li.

524 3413 657 3486 NUNC
683 3415 868 3497 QUIDEM
893 3417 1155 3494 HACTENUS.
