3572 5444
682 453 687 463 .
771 411 951 505 ...ffi-

225 600 269 656 est
289 593 353 672 ficto
373 603 440 667 res,
462 605 537 670 quae
556 594 655 648 tamen
675 585 748 646 tisri*
760 564 866 666 potuit,¹
885 583 964 670 yelut
984 591 1156 662 argumenta
1186 587 1393 648 camentorum.
1423 586 1503 649 noa.

226 689 260 756 L.
282 689 316 750 P.
338 687 467 750 Vlll.l3.
480 707 530 732 ’-
549 687 627 767 fictae
646 685 828 746 narrationes
848 699 932 763 saepe
952 683 1111 764 ponendae.
1133 681 1174 744 oe
1197 679 1273 744 Oret.
1297 679 1329 746 L.
1347 685 1410 748 Sec.
1429 683 1503 746 XLI.

226 785 297 847 tos.
328 819 368 832 -
388 778 466 869 fictae
485 783 599 864 fotoloe.
622 779 663 843 ne
682 780 746 844 Fla.
766 781 802 862 L.
826 781 858 842 P.
881 777 996 844 XXUU.
1017 814 1058 826 -
1077 781 1129 860 qui
1149 780 1288 860 utilitatis
1303 801 1381 843 causo
1400 783 1505 862 tepeat

227 883 379 944 amicitias,
402 881 442 943 Ue
462 879 551 944 Amic.
575 877 701 942 Xlle.
723 908 764 924 -—
783 876 858 938 nihil
877 879 985 959 [idom.
1007 877 1082 940 nihil
1102 877 1289 956 sirnulatum,
1302 886 1341 956 et,
1363 877 1506 958 quidquid

150 1045 153 1050 ,
226 987 281 1056 est,
303 979 333 1040 id
354 986 382 1040 et
399 995 496 1040 aerem
514 986 542 1039 ot
562 976 770 1040 voluntariam.
790 973 861 1038 ibid.
885 973 1014 1039 viltro.
1036 995 1134 1062 -lne
1161 976 1231 1056 quid
1251 976 1349 1057 fictum
1377 976 1414 1036 sit
1433 993 1505 1036 nere
1560 963 1563 968 ’

227 1075 407 1140 simulatum.
429 1075 498 1137 talc.
521 1074 676 1140 linitos.
698 1106 739 1122 -
759 1065 834 1136 Vera
855 1073 947 1151 gloria
969 1073 1081 1136 radices
1102 1075 1161 1152 agit
1181 1081 1268 1154 atque
1288 1075 1375 1134 etiam
1403 1091 1505 1154 propa-

226 1167 323 1252 gatur,
345 1174 407 1253 ficte
427 1173 524 1234 omnia
545 1167 678 1234 celeriter
693 1169 847 1252 'tamquam
868 1171 982 1233 flosculi
1002 1172 1139 1234 decidunt
1160 1191 1214 1233 nec
1233 1173 1389 1232 simulatore
1415 1178 1505 1250 potest

225 1270 383 1350 quidquam
404 1287 472 1342 osse¹
487 1271 672 1333 diuturnum.
696 1270 737 1331 De
760 1269 813 1350 Off.
837 1268 870 1332 L.
894 1270 957 1333 Sec.
981 1263 1097 1332 xllno.
1119 1303 1161 1313 -
1176 1267 1213 1332 U.
1230 1270 1261 1328 in
1282 1288 1390 1337 scaena,
1412 1267 1506 1344 idest

205 1367 255 1437 *in
276 1369 429 1446 contione,
452 1370 484 1428 in
505 1387 562 1447 qua
579 1365 672 1428 ‘rebus
692 1369 763 1448 fictis
784 1375 815 1428 et
832 1365 1014 1428 adumbratis
1045 1365 1100 1426 loci
1131 1364 1293 1444 plurimum
1322 1367 1385 1442 est,
1408 1371 1506 1426 tamen

222 1483 316 1525 ceram
337 1465 423 1541 valet,
446 1464 576 1525 simodo
596 1463 626 1524 id
647 1463 821 1546 patefactum
842 1471 871 1528 et
891 1463 1071 1546 iUustratum
1090 1453 1145 1526 est.
1168 1463 1209 1524 De
1229 1462 1319 1526 Amic.
1349 1461 1503 1534 xxiiim.

222 1590 262 1609 «-
282 1561 498 1647 Argumentum
529 1569 578 1622 est
592 1562 655 1642 pieta
676 1579 744 1639 rest
766 1579 842 1643 quae
873 1569 972 1623 tamen
1004 1561 1069 1622 fieri
1100 1559 1503 1642 poenitentemne
1577 1631 1580 1638 ἱ

223 1655 352 1722 xlxmt.
385 1693 425 1704 -
455 1669 648 1723 recurrens
669 1683 710 1704 ’-
730 1658 765 1722 V.
788 1659 989 1724 iucunditatis,
1023 1659 1056 1720 Ia
1092 1658 1169 1721 Verr.
1203 1658 1267 1738 Act.
1302 1660 1365 1722 Sec.
1403 1657 1435 1722 L.
1469 1655 1503 1720 Τ.

203 1753 312 1816 ·V.iO.
335 1789 376 1802 --
396 1756 603 1820 delectationis,
638 1757 677 1818 Dc
701 1755 779 1820 Oret.
814 1757 847 1820 L.
881 1759 945 1822 Sco.
979 1753 1199 1820 inimi-ott.
1233 1789 1274 1801 -
1304 1755 1431 1835 liquidae
1461 1773 1505 1814 oo-

224 1852 345 1931 lnptotls.
370 1853 411 1914 lie
431 1854 496 1918 ren.
519 1855 552 1918 L.
575 1855 608 1918 P.
631 1851 785 1918 XVlll.58.
807 1877 849 1901 -’-
868 1853 978 1914 obiecta
1000 1855 1094 1932 specie
1113 1853 1264 1932 uoluptatis.
1291 1851 1358 1916 nte.
1375 1851 1503 1915 xtvnt.

201 1945 274 1994 ’---
294 1953 327 2010 od
348 1951 509 2028 voluptatem
528 1953 653 2011 aurium·
668 1953 833 2030 scripserat.
860 1945 938 2010 Orat.
960 1949 1078 2012 Xll=.38.
1111 1981 1152 1994 -
1179 1951 1357 2008 necessitatis
1388 1951 1506 2010 inventa

189 2045 192 2048 ’
223 2047 387 2128 antiquiora
407 2052 476 2108 sunt
500 2062 588 2127 quam
598 2047 750 2126 uoloptotts.
764 2045 831 2109 ibid.
854 2043 912 2110 LV.
927 2045 996 2108 185:
1008 2079 1049 2090 -
1059 2043 1095 2106 U.
1109 2045 1172 2106 dico
1182 2047 1353 2124 voluptatem,
1368 2044 1446 2124 quod
1456 2044 1506 2105 illc

211 2139 333 2212 ἡδονήν,
365 2143 401 2204 Et
427 2143 543 2224 quidem
555 2162 639 2223 saepe
649 2137 819 2223 quaerimus
829 2140 953 2203 verbum
964 2142 1099 2204 Latinum
1110 2159 1163 2222 par
1176 2139 1286 2202 Graeco
1299 2150 1327 2202 et
1340 2141 1417 2220 quod
1428 2142 1504 2202 idom

221 2238 329 2300 valeat:
344 2239 391 2298 hic
402 2239 476 2298 nihil
484 2240 540 2300 fuit
547 2239 625 2319 quod
635 2235 854 2320 quaereremus,
868 2237 989 2300 Nullum
1001 2239 1126 2298 inveniri
1133 2245 1224 2318 potest
1238 2238 1314 2317 quod
1325 2239 1416 2315 magis
1427 2239 1505 2298 idem

220 2323 347 2397 declaret
367 2328 467 2397 Latino
480 2337 558 2417 quod
578 2335 698 2414 Graece,
720 2354 808 2416 quam
830 2335 958 2397 deciarat
977 2335 1106 2414 uoluptas.
1123 2333 1198 2394 Huic
1212 2335 1300 2395 verbo
1320 2353 1433 2411 omnes,
1453 2336 1506 2414 qui

221 2433 321 2495 Latine
335 2435 442 2509 sciunt,
450 2435 523 2495 duas
533 2451 581 2495 res
592 2433 763 2510 subiiciunt,
775 2432 914 2496 laetitiam
925 2433 956 2492 in
967 2434 1076 2508 anime,
1084 2433 1304 2492 commotionem
1314 2433 1505 2493 iucunditatis

223 2547 342 2588 suavem
363 2531 394 2588 in
415 2549 544 2610 conpone.
565 2531 608 2591 Ue
628 2531 692 2594 Flo.
715 2531 748 2595 L.
772 2533 836 2596 S'ec.
863 2529 965 2594 I·V.l3.
988 2563 1029 2576 -
1049 2528 1147 2602 Quint
1168 2549 1260 2610 quum
1281 2531 1356 2611 fictos
1377 2529 1503 2606 fabulas⁷

223 2625 366 2705 equibus
387 2626 497 2690 utilitas
517 2626 598 2688 nulla
619 2619 685 2689 elici
705 2635 816 2708 potest,
840 2643 912 2688 cum*
938 2629 1069 2706 voluptate
1094 2627 1239 2705 legimus?
1253 2620 1321 2688 [tid.
1345 2627 1377 2691 L.
1400 2626 1503 2698 Quint.

222 2720 351 2788 thm.
374 2757 415 2770 ·-
435 2741 539 2788 causa
568 2759 609 2770 -
638 2725 673 2788 V.
696 2722 886 2786 iucunditatis
906 2742 1006 2788 vennae.
1032 2724 1107 2787 Oret.
1142 2725 1275 2790 Lllntt.
1307 2759 1348 2770 —
1379 2725 1502 2786 delecta-

220 2821 307 2910 tionis
337 2828 424 2902 atque
455 2825 578 2903 aurium*
603 2843 693 2886 coelae.
716 2821 757 2882 ne
790 2820 866 2886 Orac
890 2823 922 2886 L.
946 2821 980 2886 V.
1002 2821 1173 2886 xttvnto.
1201 2844 1242 2868 -‘-
1272 2823 1349 2902 quod
1379 2822 1503 2884 delecta-

194 2997 196 3002 .
222 2917 310 2974 tionis
331 2937 410 2978 cocco
429 2937 488 2980 non
507 2919 606 2980 inutili
636 2938 704 2980 cum
721 2920 940 2997 *exercitatione
970 2917 1080 2978 dicitur
1099 2925 1149 2978 aut
1170 2919 1320 2982 scribitur.
1343 2919 1498 2983 Deiecerat.

223 3011 256 3075 L.
279 3011 312 3076 P.
336 3011 464 3078 XIXPV.
486 3048 527 3060 --
546 3031 741 3077 recurrens
772 3033 877 3078 onnon
897 3049 937 3060 ·-
957 3013 992 3076 V.
1016 3022 1048 3076 ut
1080 3032 1138 3075 non
1169 3015 1263 3076 solum
1294 3016 1418 3094 salutiS,
1451 3017 1502 3078 sed

221 3110 308 3170 etiam
339 3113 480 3192 voluptatis
510 3132 588 3174 conso
604 3104 735 3173 'inventa
756 3129 818 3172 essa
838 3110 1003 3174 videantur.
1037 3111 1078 3172 Dc
1115 3109 1191 3174 Orat.
1215 3113 1247 3175 L.
1271 3111 1304 3176 P.
1328 3111 1499 3176 XLVI.l·80.

200 3239 262 3252 ·-
282 3207 318 3270 U.
342 3211 483 3286 voluptatis
504 3211 697 3273 consciamne
727 3210 846 3286 omnia,
868 3205 964 3288 quum
975 3255 982 3286 ‚
1006 3210 1093 3270 etiarn
1114 3211 1140 3269 si
1159 3208 1233 3268 nihil
1265 3227 1477 3289 consequamur
1490 3257 1500 3286 ‚,

221 3311 319 3365 tamen
340 3305 440 3384 ipsum
467 3305 540 3366 illud
569 3305 724 3368 consilium
744 3303 930 3390 ita-faciendi
961 3323 1012 3387 per
1034 3325 1064 3368 se
1085 3307 1276 3387 expetendum
1298 3315 1325 3368 et
1346 3306 1500 3368 honestum

218 3408 250 3462 et
270 3401 364 3462 solum
385 3402 494 3465 bonum
516 3405 564 3480 sit,
587 3423 671 3466 nemo
692 3404 772 3468 dicit.
795 3404 835 3465 Ue
856 3405 920 3466 Fla.
945 3404 977 3468 L.
1001 3403 1101 3477 Quint.
1125 3403 1188 3468 VII.
1211 3403 1261 3466 20.
1293 3436 1334 3450 -
1355 3411 1387 3465 ut
1408 3405 1500 3464 homi-

220 3517 293 3560 nurn
324 3503 506 3562 conscientia*
529 3505 639 3563 remota
669 3501 744 3562 nihil
774 3508 834 3562 tam
863 3510 951 3582 turpe
981 3503 1039 3579 sit,
1062 3501 1140 3582 quod·
1159 3503 1301 3581 voluptatis
1333 3522 1411 3562 eccae
1441 3521 1501 3563 non

221 3595 355 3658 videatur
384 3617 446 3660 esse
476 3599 618 3663 facturus.
641 3596 708 3660 tent
731 3598 764 3661 L.
789 3597 852 3662 Sec.
876 3598 979 3662 imno.
1001 3631 1041 3644 ·-
1062 3597 1132 3679 quid
1164 3602 1305 3660 merearis
1332 3601 1443 3676 igitur,
1467 3607 1504 3660 ut

221 3685 300 3752 dicas
320 3702 349 3754 te
368 3687 400 3754 in
420 3711 454 3756 eo
474 3699 646 3774 magistratu
659 3697 764 3756 *omnia
783 3695 926 3776 voluptatis
957 3713 1042 3757 caeso.
1068 3685 1214 3757 iacturum
1236 3705 1413 3776 esse‘teqae
1425 3696 1504 3756 nihil·

221 3786 322 3848 fecisse
342 3791 373 3849 in
393 3792 451 3852 vita
471 3794 528 3854 uisi
546 3793 688 3874 uoluptatis
708 3794 808 3854 cocao?
827 3791 895 3856 itta.
919 3789 1061 3858 xxiiii.
1082 3819 1123 3840 ...
1147 3791 1259 3874 Itaque.
1278 3791 1328 3855 alii
1357 3795 1503 3874 voluptatis

222 3900 301 3946 coroa
321 3889 419 3948 omnia
447 3890 590 3967 sapientes
610 3885 704 3951 lacere
725 3890 879 3950 dixerunt:
904 3905 998 3970 neque
1018 3890 1055 3952 ab
1076 3891 1131 3951 hac
1150 3893 1289 3952 orationis
1317 3890 1502 3972 turpitudine

221 3981 330 4043 eruditi
359 3983 711 4064 homincs‘ret'ugeruntr
734 3985 784 4046 alii
805 3993 873 4047 eum
900 3988 1033 4066 ooloptate
1064 3987 1234 4065 dignitatem
1266 3987 1497 4067 coniungendam

222 4087 399 4160 potaverunt
411 4077 424 4157 ‚l
442 4089 481 4142 ut·
494 4093 542 4144 res
562 4080 695 4144 manime>
709 4084 791 4144 inter
807 4099 837 4145 se
858 4092 1057 4166 repugnantes
1084 4083 1199 4146 dicendi
1219 4086 1355 4148 facultate
1376 4088 1500 4148 conium

221 4184 333 4254 gerent.
356 4166 434 4238 Illud
454 4193 547 4240 unum
568 4179 714 4242 directum.
732 4177 788 4242 iter
808 4181 845 4244 ad
863 4181 982 4244 laudem
997 4187 1075 4244 'cum
1096 4183 1195 4250 acore
1207 4187 1266 4265 'qui
1287 4184 1499 4266 protererent,-

219 4283 309 4356 prope
328 4275 383 4336 soli
402 4275 463 4336 iam
480 4277 512 4338 itt
532 4272 638 4338 scholis
659 4275 727 4340 sunt
747 4278 852 4344 relicti.
884 4273 975 4342 Multa
1003 4272 1185 4343 animastis
1216 4277 1414 4344 blandimenta
1440 4295 1500 4362 na*

218 4378 290 4434 tura
308 4365 369 4452 ipse
391 4375 511 4451 genuit,
525 4374 645 4454 quitus
676 4379 772 4457 srplta
790 4375 908 4439 'virtus
924 4381 1070 4441 coniveret
1100 4379 1266 4440 interdum:
1296 4378 1403 4440 multas
1434 4377 1501 4438 rias

220 4469 427 4534 adolescentiae
457 4463 585 4534 lubricas
616 4474 866 4556 ostendit-quillus
887 4473 1103 4538 lllatt'nsisterc'
1122 4483 1173 4538 aut
1203 4475 1319 4553 ingredi
1338 4477 1405 4536 sine
1424 4476 1501 4537 casn

218 4565 319 4666 aliquo
334 4577 390 4630 aut
404 4563 591 4652 pnotopnones
602 4574 651 4635 tin
672 4573 782 4655 pois&
805 4573 969 4635 notarum
988 4573 1094 4636 rtrum
1120 4573 1381 4636 immanissimorum
1398 4573 1495 4662 tario³
