3572 5444
274 611 400 704 poetica
439 611 520 679 liter
557 611 771 689 inscribitur,
814 611 1028 677 ciceronianis
1062 633 1198 699 prorsus
1239 613 1338 678 rerbis
1377 621 1408 678 et
1442 633 1512 678 erre

275 719 384 786 tentiis
428 719 604 805 explicato,
652 739 749 807 quem
794 717 826 785 in
871 718 978 785 animo
1011 725 1060 785 est
1091 739 1188 806 qoam
1222 719 1361 806 primum
1382 717 1509 786 edendi.

208 865 210 873 ι
276 825 310 915 in
355 825 418 894 hoe
462 823 554 908 libro,
591 824 647 913 qui
688 824 850 892 sexcentis
889 825 991 891 terme
1037 824 1164 912 paginis
1199 824 1379 906 corsiano,
1424 831 1511 893 notae

273 937 349 1002 sunt
385 931 425 1000 ad
462 930 646 1020 quindecim
678 931 784 1014 millia,
819 932 851 998 in
889 931 1006 1019 quibus
1032 930 1181 1002 omnbus
1205 951 1247 998 ne
1272 951 1354 1019 apex
1379 930 1508 1019 quidem

273 1038 445 1108 adhibetur
467 1037 545 1126 quin
568 1039 668 1126 possit
707 1039 739 1105 in
772 1036 864 1106 Tullii
896 1037 1025 1126 seriptis
1058 1037 1211 1104 inveniri:
1246 1059 1328 1125 opus
1360 1036 1508 1125 equidem

273 1147 405 1234 longum
429 1145 506 1213 satis
528 1166 566 1213 ac
582 1145 691 1214 nimiae
706 1166 800 1234 paene
815 1144 994 1234 patientiae!
1011 1144 1073 1213 Sed
1095 1163 1182 1210 nuno
1201 1163 1265 1210 non
1282 1165 1355 1212 mea
1375 1143 1508 1210 interest

272 1253 365 1345 pium
388 1251 544 1320 eiusmodi
567 1252 869 1342 perseqni;pudore
881 1251 1048 1341 impedior,
1060 1251 1193 1319 notorie
1205 1249 1509 1338 videardemeipso

272 1359 482 1446 adrogantius
492 1358 761 1448 praedioare:hoo
772 1365 898 1428 tantum
910 1357 1080 1440 contendo,
1092 1378 1145 1425 me
1166 1357 1263 1424 huius
1289 1358 1360 1426 libri
1386 1357 1509 1424 conseo

273 1465 381 1550 tione,
422 1464 526 1552 quoad
561 1485 687 1553 possem
729 1471 763 1532 et
806 1465 939 1548 liceret,
975 1464 1124 1531 nimirum
1159 1465 1340 1547 studuime,
1380 1469 1416 1530 ut
1450 1481 1508 1551 pro

274 1571 356 1640 virili
389 1575 481 1660 parte
514 1569 666 1638 italorum
699 1571 784 1660 apud
818 1578 946 1639 exteras
980 1572 1124 1640 nationes
1155 1571 1239 1639 laudi
1270 1591 1369 1660 quum
1407 1568 1438 1636 in
1472 1589 1508 1636 re

272 1677 425 1748 litteraria
464 1676 613 1744 universa
655 1684 726 1744 tum
764 1679 944 1765 praesertim
982 1679 1015 1744 in
1053 1687 1196 1757 presepe,
1240 1700 1314 1767 quae
1351 1682 1505 1759 vocatur,

272 1786 473 1853 consulerem
496 1783 592 1871 inque
615 1803 655 1851 eo
677 1803 882 1872 summopere
904 1784 1094 1854 elaborasse.
1123 1785 1206 1868 Quid
1241 1792 1349 1853 autem
1372 1782 1431 1850 sibi
1454 1782 1506 1849 hio

274 1891 353 1961 iiber
376 1891 462 1976 velit,
485 1891 562 1980 quid
585 1891 724 1959 vicissim
748 1891 861 1976 valeat,
885 1891 1054 1960 doctorum
1070 1891 1327 1983 aoprudentium
1341 1890 1504 1958 bominum

272 2000 335 2068 erit
357 1997 522 2066 iodicium.
545 1995 653 2080 Quum
677 1998 778 2085 igitur
802 1998 884 2067 issit
907 2021 947 2068 ex
971 2021 1010 2068 eo
1033 2021 1166 2088 genere,
1182 2021 1263 2088 quos
1284 2017 1377 2088 aequo
1400 1996 1505 2064 animo

272 2112 450 2196 paoatoque
473 2105 564 2174 vultu
589 2125 685 2191 reges
713 2105 878 2194 excepisse
910 2107 1073 2190 dicuntur,
1105 2107 1182 2174 mihi
1215 2107 1319 2174 visum
1353 2110 1504 2172 osteum

169 2273 173 2282 .
272 2213 313 2281 od
336 2211 460 2300 Regem
482 2211 592 2296 italiae,
616 2212 746 2280 honoris
767 2233 874 2295 eausa,
897 2215 983 2281 noda
1005 2214 1155 2282 mercede
1186 2213 1329 2302 quaesita,
1364 2211 1503 2277 mittere.

272 2315 376 2402 Quam
399 2315 521 2386 obrem
534 2318 592 2386 abs
613 2324 656 2402 te,
669 2317 719 2386 vir
731 2317 861 2406 optime,
878 2321 1030 2388 maiorem
1047 2321 1079 2386 in
1098 2319 1228 2389 modum
1245 2324 1318 2408 peto
1333 2335 1506 2406 quaesoque

273 2425 358 2513 (nam
383 2424 466 2493 nulla
490 2423 567 2492 mihi
590 2425 695 2513 aptior
717 2444 852 2512 persona
875 2427 1010 2510 occurit,
1038 2448 1112 2515 quae
1145 2427 1177 2494 id
1211 2431 1364 2515 praestare
1397 2422 1505 2512 possit,

271 2553 367 2622 quam
390 2533 466 2620 tua),
491 2537 527 2599 ut
550 2537 740 2619 potestatem
757 2531 834 2598 mibi
850 2532 1004 2621 impetres
1018 2534 1170 2602 volumini
1194 2553 1268 2602 mox
1295 2532 1326 2598 in
1342 2530 1506 2620 publicum

274 2638 441 2728 prodituro
464 2637 563 2724 Regis
585 2658 702 2705 nomen
726 2637 920 2708 inscribendi
943 2639 992 2707 his
1010 2640 1143 2729 ¹quidem
1166 2639 1287 2708 verbis:

500 2785 686 2858 snonnm
709 2787 882 2859 noiomi
904 2790 1156 2862 ninimnnns
1178 2787 1280 2859 nno

679 2894 821 2964 rernm
844 2896 983 2966 mmm
1006 2897 1099 2969 neor

628 3000 711 3074 noo
734 3001 843 3087 oros,
858 3001 1048 3088 pnioonm
1071 3004 1151 3089 nso,

501 3107 504 3119 ’
598 3107 779 3192 onsnpon
813 3109 1033 3194 orsionpnn
1067 3110 1176 3180 nnoo

437 3205 443 3218 '
561 3214 788 3286 speramns
810 3215 1022 3286 simonos
1045 3214 1230 3286 onosnns

317 3473 387 3543 Non
410 3474 532 3558 dubito,
555 3493 629 3562 quee
650 3477 707 3540 tna
730 3477 779 3540 est
808 3472 953 3560 comitae,
983 3482 1059 3563 quin
1094 3475 1156 3542 hoo
1190 3473 1376 3543 mandatum
1409 3469 1504 3558 idque

273 3579 416 3650 muneris
438 3577 574 3649 libenter
597 3579 639 3648 sis
663 3583 853 3667 reoepturus
876 3601 990 3669 meque
1013 3581 1184 3650 certiorem
1207 3579 1248 3647 de
1271 3577 1369 3666 Regis
1397 3577 1507 3646 volun-

274 3691 340 3758 tate
363 3693 488 3756 maturo
511 3686 663 3755 secturus.
687 3685 768 3756 Cura
793 3692 829 3753 nt
851 3686 965 3754 valeas.
993 3686 1075 3755 Vale.

316 3811 361 3880 ld.
386 3813 470 3902 Sept.
495 3811 587 3880 Anno
609 3807 864 3880 nrtossxxxvl.
887 3809 928 3879 ab
950 3809 1035 3878 Urbe
1058 3811 1194 3878 condita.
1222 3834 1235 3874 o

317 4021 352 4092 ln
376 4024 455 4092 altre
477 4029 594 4093 tettere
617 4023 874 4113 successivepoi,
891 4025 1013 4094 dettate
1037 4025 1068 4093 in
1082 4024 1272 4113 stationae),
1285 4023 1315 4089 io
1331 4021 1506 4090 informare

275 4129 294 4198 il
317 4115 460 4198 Ministro
482 4129 533 4198 del
554 4135 667 4198 tenore
690 4129 741 4197 dol
764 4130 828 4197 mio
861 4131 969 4200 lavoro
1003 4153 1022 4201 e
1056 4132 1099 4200 mi
1133 4131 1316 4200 dichiarava
1348 4131 1464 4217 pronto
1487 4147 1505 4196 a

284 4397 559 4412 'm

336 4463 370 4540 tt)
389 4463 486 4522 Sorissi
505 4455 663 4521 imitatione
681 4463 781 4537 perche
800 4466 826 4521 io
845 4481 895 4520 son
915 4461 1048 4519 d’avviso
1066 4463 1124 4528 ohe,
1143 4463 1175 4518 oi*
1186 4465 1274 4536 tempi
1291 4465 1342 4520 ohe
1360 4471 1495 4527 corrono,

284 4531 301 4589 1·
312 4544 390 4591 utare
409 4537 433 4592 it
446 4535 549 4602 Latino,
568 4535 645 4592 salvo
663 4535 691 4591 in
731 4536 791 4593 ochi
810 4536 866 4591 cosi
885 4535 912 4591 di
931 4535 1051 4592 asselino
1075 4534 1277 4604 convenienna·,
1297 4537 1343 4590 sio
1355 4539 1444 4606 opera⁴¹
1463 4533 1506 4587 nb

284 4603 350 4662 utile
368 4606 401 4662 nd
420 4625 487 4680 gron
506 4605 574 4666 totto
593 4607 680 4682 degne
719 4607 815 4664 ilode.
834 4607 930 4664 Fascio
957 4607 1097 4664 eccezione
1124 4607 1247 4664 soltanto
1270 4623 1320 4680 por
1347 4605 1371 4661 lo
1400 4611 1498 4661 tratta-
1579 4657 1580 4662 ,
