3572 5444
831 432 985 504 ..3-

293 606 490 700 33333313313
512 606 543 673 13
567 622 702 694 persona
724 623 744 672 3
765 599 1094 693 qnell'hoeademiao
1116 620 1137 668 3
1157 598 1408 690 33311383313113
1435 598 1527 669 lette
1559 597 1560 604 ’

293 711 649 801 3331331133113333
681 708 839 794 indicata,
858 707 992 796 ¹perche
1026 706 1208 795 giudicasse
1241 726 1275 776 se
1309 725 1379 776 esso
1413 705 1527 776 133333

293 843 351 912 333
373 821 402 890 13
424 841 482 890 333
505 817 699 908 1333313333
722 821 837 905 331333
860 833 965 883 essere
988 813 1094 902 degne
1117 813 1259 882 (13113113
1282 831 1380 882 onore
1403 812 1528 886 33313113

293 950 312 998 3
335 949 370 996 se
391 921 579 1002 contenesse
601 943 675 1002 cosa
698 921 759 990 che
781 942 825 991 un
849 941 885 989 33
900 941 964 989 333
979 926 1104 1010 potesse
1120 924 1290 989 accettnre.
1306 917 1526 1008 hggiurtgeva

293 1054 399 1106 essere
422 1031 485 1104 mia
507 1028 696 1114 intenzione,
720 1026 934 1111 3131333333,
958 1026 990 1093 di
1012 1025 1173 1115 oompiere
1208 1045 1252 1093 un
1286 1029 1352 1094 atto
1386 1024 1421 1092 di
1444 1044 1523 1094 vero
1584 1027 1585 1034 ’

291 1139 430 1224 11311333,
448 1134 624 1206 dedicando
639 1131 1174 1222 aloapodellaNanioneun’opera‚
1187 1131 1328 1220 laquata,
1341 1149 1400 1219 333
1416 1133 1522 1199 essere

294 1245 402 1315 3331113
425 1243 506 1313 33113
529 1242 638 1329 lingua
661 1239 747 1327 degli
770 1238 888 1307 antichi
910 1236 1043 1307 Romani
1066 1258 1084 1306 e
1118 1238 1196 1306 33113
1219 1237 1326 1327 333313
1350 1241 1450 1305 stesse
1472 1235 1532 1312 del,

291 1350 414 1440 grande
448 1348 612 1438 Arpinate,
647 1345 707 1414 che
740 1343 795 1433 3113
829 1343 861 1411 di
895 1344 1076 1433 quelunqne
1110 1344 1189 1412 altro
1223 1342 1329 1411 antico
1354 1361 1522 1431 eomprese

292 1455 447 1548 (olrecehe
469 1475 510 1522 33
532 1453 646 1520 dicano
669 1451 679 1517 i
703 1450 818 1519 nemiei
841 1449 972 1539 d’ltalia)
995 1471 1014 1518 e
1036 1451 1244 1539 rappresentd
1267 1448 1295 1518 13
1318 1452 1440 1517 maesta
1461 1447 1534 1516 del»—

292 1565 310 1632 1’
325 1563 430 1632 331133
465 1559 600 1648 33311313
634 1557 685 1626 del
718 1556 843 1641 mondo,
879 1562 994 1645 poteva
1028 1576 1134 1626 essere
1164 1555 1347 1624 conoseinta
1370 1575 1388 1624 e
1411 1554 1523 1623 31111333
1566 1617 1568 1624 .

293 1687 402 1757 presso
423 1670 508 1734 tutte
531 1666 559 1733 le
582 1664 704 1734 3331331
728 1662 894 1747 moderne;
919 1683 937 1732 e
960 1664 1019 1732 che
1042 1668 1204 1752 agognato
1220 1653 1419 1750 guider'done
1442 1660 1523 1730 delle

292 1770 887 1858 3131311313333331313331313333113
922 1769 953 1837 di
988 1769 1106 1838 vedere
1140 1768 1323 1859 pubblieata
1356 1767 1389 1835 in
1423 1765 1523 1836 Roma

293 1880 412 1969 133333
435 1879 507 1946 3313.
530 1876 612 1946 Perd
635 1876 717 1946 devo
739 1875 873 1944 credere
896 1875 956 1944 che
980 1875 1008 1944 le
1032 1876 1094 1944 mie
1117 1877 1230 1944 lettere
1246 1875 1416 1944 andassero
1439 1879 1523 1943 tutte

291 1985 460 2067 smarrite;
484 1981 693 2070 avvegnache
717 1981 847 2048 nonssmi
870 2001 1034 2068 pervenne
1058 1982 1170 2049 alcuna
1204 1981 1354 2069 risposta;
1385 2001 1419 2048 33
1442 1999 1523 2068 pure

291 2091 312 2158 11
334 2089 476 2158 Ministro
499 2109 563 2156 non
587 2091 663 2158 33313
686 2085 821 2154 creduto
844 2085 876 2152 di
899 2091 1058 2175 aspettare
1082 2107 1126 2154 nn
1149 2107 1232 2155 anno
1260 2107 1278 2154 e
1312 2105 1420 2154 mezzo
1442 2106 1461 2154 3
1484 2085 1530 2178 31··
1629 2091 1631 2096 ’

292 2197 476 2279 3333133313,
500 2215 591 2262 come
619 2195 688 2260 fece
723 2211 781 2280 per
810 2192 839 2260 13
873 2192 1019 2260 versione
1053 2190 1133 2261 delle
1167 2213 1264 2282 opere
1286 2192 1458 2284 hiosotiehe
1490 2191 1525 2258 di
1595 2229 1599 2236 ›

291 2301 398 2370 Marco
420 2297 528 2370 Tullio.

299 2633 377 2687 31333
396 2631 424 2686 di
442 2632 594 2704 argomenti
612 2631 661 2687 che
680 2632 703 2686 si
721 2630 881 2688 riferiscono
900 2633 1084 2690 3113311313113
1103 2634 1224 2696 Romana
1243 2651 1258 2688 e
1277 2632 1368 2688 d'altri
1389 2631 1515 2687 d’ordine
1569 2664 1571 2670 ι

299 2703 432 2775 generale,
452 2703 501 2758 che
520 2702 564 2756 nel
582 2703 678 2758 Latino
697 2721 816 2775 possono
839 2704 978 2759 rinvenire
996 2722 1050 2759 une
1069 2703 1201 2786 adeguata
1230 2705 1409 2776 espressione.
1436 2703 1524 2758 Pisso-

298 2775 326 2830 in
345 2783 442 2846 questa
460 2773 637 2846 persuasione
655 2773 689 2840 io,
709 2774 753 2828 nel
780 2784 915 2856 supposto
942 2775 992 2830 che
1022 2775 1041 2830 11
1067 2775 1192 2831 Ministro
1220 2791 1315 2830 avesse
1343 2772 1410 2830 13113
1438 2775 1514 2829 huon

298 2844 427 2900 visualia
446 2845 500 2898 mia
518 2845 621 2912 lettera,
632 2843 683 2898 che
701 2845 794 2899 scrissi
812 2863 840 2899 m
858 2846 961 2914 Latino,
981 2845 1082 2917 perche
1101 2847 1124 2900 si
1143 2854 1262 2902 trattava
1279 2853 1404 2917 33333313
1417 2841 1446 2898 di
1458 2861 1514 2898 uno

298 2915 371 2986 degli
388 2915 529 2971 accennati
547 2915 628 2986 333131
646 2915 702 2970 3331
721 2915 749 2970 di
767 2916 960 2986 convenienza,
980 2934 1014 2970 ne
1032 2933 1119 2972 aveva
1138 2917 1233 2972 3331113
1252 2915 1386 2984 un'altra,
1405 2914 1456 2970 che
1474 2914 1514 2969 13·

299 2985 364 3039 33131
382 2985 410 3038 di
429 2985 538 3056 spedire
557 3003 606 3056 per
624 2986 728 3041 evitare
746 2985 765 3040 11
784 2995 907 3057 33333113
925 2985 975 3040 3133
993 2987 1019 3040 13
1038 2987 1139 3042 3313331
1157 2987 1315 3058 impegnare
1340 2986 1394 3041 Sua
1420 2984 1514 3040 Eccel-

297 3054 374 3110 lanza
392 3055 421 3108 in
440 3072 477 3109 nn
496 3055 632 3126 carteggio
651 3055 718 3110 13113
737 3057 765 3108 13
784 3073 839 3110 333
858 3056 895 3109 113
915 3073 949 3110 33
968 3056 1018 3111 che
1037 3075 1092 3111 333
1109 3058 1125 3110 e
1144 3056 1169 3110 la
1188 3057 1279 3128 lingua
1297 3055 1401 3129 officiale
1420 3055 1456 3111 di·
1475 3056 1514 3110 31·

297 3142 371 3180 euro.
391 3125 420 3180 13
439 3125 464 3180 13
483 3125 613 3198 pubblico
632 3125 696 3198 qui;
716 3143 730 3180 e
749 3125 827 3198 valga
851 3075 914 3198 quei
941 3125 991 3182 che
1018 3128 1074 3198 pud
1102 3127 1209 3182 valere:
1237 3145 1287 3182 son
1315 3136 1390 3182 certo
1418 3125 1469 3182 ohe
1498 3143 1513 3181 3

297 3195 434 3268 quaicuno
451 3196 558 3268 31333313
576 3214 591 3250 3
609 3195 659 3250 3133
677 3213 733 3251 333
752 3197 859 3252 almeno
878 3215 932 3252 non
951 3196 969 3252 1’
978 3203 1044 3253 3333
1063 3215 1113 3270 per
1132 3215 1186 3252 una
1204 3197 1354 3252 bazaeeola.
1486 3207 1488 3212 '

313 3325 315 3332 ’
419 3337 436 3372 a
454 3318 612 3389 Stephanus
630 3320 774 3376 Martinius
793 3320 926 3376 Crusinus
944 3321 1002 3361 ***
1020 3321 1046 3377 S.
1065 3321 1093 3378 P.
1113 3321 1144 3378 D.

215 3467 219 3482 ,
349 3405 448 3476 Quum,
468 3406 538 3462 sicut
557 3416 780 3476 3333333133333,
800 3408 1004 3465 commentandi
1022 3427 1103 3466 cansa
1123 3409 1252 3466 hesterno
1271 3409 1315 3465 die
1333 3428 1393 3465 mea
1412 3409 1513 3465 adver·

297 3477 367 3531 33313
386 3494 584 3549 percurrerem,
603 3477 704 3532 offendi
723 3479 750 3532 in
774 3480 887 3550 epistola
915 3481 1050 3551 proximis
1077 3480 1172 3536 Idibus
1200 3481 1235 3536 ad
1262 3491 1289 3537 13
1316 3481 1418 3559 scripta
1446 3480 1513 3536 13333

296 3548 399 3603 verba:
418 3546 514 3603 133313
531 3565 559 3604 33
576 3546 698 3604 litterario
715 3548 829 3605 33133333
846 3567 918 3622 quum
932 3549 1077 3623 praesertim
1094 3549 1122 3606 13
1149 3552 1283 3622 pertempta
1310 3553 1338 3622 in
1357 3569 1435 3624 quae,
1463 3569 1512 3606 ne·
1543 3565 1547 3572 “

297 3619 353 3673 3313
371 3636 427 3690 quo
445 3627 534 3690 pacto,
554 3628 584 3675 ut
603 3619 639 3674 sit
657 3620 795 3688 minimus,
823 3629 914 3676 tamen
943 3639 1051 3676 naevus
1074 3621 1199 3694 irrepsit,
1221 3640 1304 3696 quem
1332 3622 1444 3694 quidem
1471 3620 1512 3676 133

297 3697 338 3744 331
357 3689 467 3744 31111331
486 3689 531 3743 331
549 3690 708 3762 abstergere
725 3691 769 3746 vel
788 3691 900 3746 omnino
919 3690 1016 3760 delere.
1036 3692 1128 3760 Quum
1146 3694 1255 3750 interim
1269 3692 1337 3748 mihi
1349 3693 1446 3748 subeat
1459 3691 1512 3746 du·

295 3759 393 3814 bitatio
412 3777 478 3813 num
497 3768 524 3815 et
542 3760 570 3814 in
589 3761 730 3833 exemplar
748 3761 783 3816 ad
802 3770 829 3817 13
848 3761 943 3818 datum
961 3762 985 3815 is
1004 3763 1172 3832 manaverit,
1192 3765 1277 3819 verba
1305 3772 1398 3819 notata
1428 3761 1513 3819 statui

297 3827 336 3882 sie
353 3840 413 3882 esse
431 3830 608 3901 corrigenda:
627 3830 744 3904 3333313
762 3849 788 3887 re
806 3830 1127 3888 1111333313331333331333
1145 3832 1290 3906 praesertim
1314 3833 1342 3888 in
1368 3833 1512 3904 31313313.

296 3897 384 3972 Quam
402 3897 438 3954 ob
456 3916 514 3953 3333
532 3909 560 3956 13
571 3901 708 3973 imprimis
720 3901 891 3957 admonitum
904 3901 967 3958 volo
980 3912 1010 3958 ut
1023 3919 1121 3958 caveas
1133 3921 1168 3958 ne
1179 3903 1357 3960 Aristarchus
1368 3903 1475 3977 aliquis,
1488 3905 1512 3964 si

296 3982 379 4040 quem
397 3967 467 4024 forte
486 3979 583 4026 333133
602 3972 664 4039 3313,
683 3973 732 4044 qui
754 3973 875 4027 maculas
898 3989 1000 4044 paucas
1027 3974 1103 4028 velut
1131 3975 1249 4030 immane
1277 3975 1418 4048 quoddam
1445 3991 1512 4048 pro·-

295 4037 379 4094 brum
398 4039 527 4111 scriptori
544 4041 663 4096 obiicere
681 4043 864 4112 consueverit,
884 4061 953 4115 quas
971 4053 1018 4100 aut
1037 4063 1089 4116 pro
1111 4047 1196 4102 eratin
1218 4045 1289 4106 indit
1316 4057 1363 4104 aut
1390 4046 1511 4103 humana

316 4124 395 4164 arum
413 4109 486 4181 33311
505 4119 610 4179 331333,
630 4111 674 4166 331
694 4112 812 4238 31331333
830 4113 1019 4186 improborum
1038 4061 1153 4187 peridia
1172 4115 1296 4186 1133113
1317 4135 1392 4174 eram
1416 4135 1448 4174 re
1482 4135 1511 4175 e.-

330 4178 443 4235 ndando
460 4181 559 4253 perdat
577 4199 609 4236 ac
627 4191 739 4256 tempus
772 4193 956 4242 33313313331
984 4203 1103 4260 eumque
1129 4205 1241 4247 moneas
1267 4135 1351 4244 veiim
1378 4198 1408 4258 ut
1436 4187 1511 4243 a'ud

285 4267 444 4340 ,aucupium
460 4278 638 4326 consectetur¹
652 4272 696 4324 καὶ
711 4271 749 4334 ,ὡς
768 4270 807 4324 set
823 4273 949 4344 31333113
968 4272 1135 4347 inseparatae.
1155 4277 1297 4334 Praeterea
1316 4277 1385 4332 seito
1403 4293 1446 4330 me
1464 4273 1509 4330 iila

295 4355 381 4415 verbu
396 4366 426 4412 31
443 4355 567 4438 licentiam
584 4357 768 4432 mitiimpetjres
780 4359 933 4433 pauiiuium
946 4363 1091 4420 immutata
1109 4363 1205 4420 referri
1222 4363 1465 4422 331131133333113ε
1481 4372 1516 4420 111

241 4471 244 4476 .
289 4435 432 4505 potestatem
458 4427 518 4484 3313
544 4427 657 4502 impetres
675 4429 856 4506 ordinemque
874 4435 1023 4490 verborum
1041 4435 1201 4508 aliquando,
1220 4435 1269 4504 ubi
1287 4435 1431 4505 conducat,
1450 4451 1517 4500 3333

293 4499 537 4568 333133331333113,
556 4499 635 4557 verti.
656 4501 727 4557 (1333
746 4512 777 4560 31
796 4504 895 4560 valeas.
915 4505 987 4561 Vale.

341 4586 408 4643 1133.
428 4587 485 4645 Kal.
505 4586 564 4646 031.
583 4589 665 4646 Anno
683 4590 911 4648 MMDCXXXVI.
930 4603 994 4666 post
1013 4593 1114 4650 Urbem
1133 4593 1279 4652 conditam.
1297 4611 1315 4648 >›
