3572 5444
784 421 968 490 „23-

236 583 345 662 iorum.
368 597 477 659 Videtis
497 597 556 656 iam
578 593 669 671 genus
690 591 746 652 hoo
767 607 852 650 omne
872 589 1029 666 scientiae,
1053 587 1235 666 diligentiae,
1259 586 1437 662 memoriae,
1461 587 1526 648 sine

236 715 294 778 quo
318 701 436 776 paratus
467 709 529 753 esse
559 697 665 750 cenom·
695 687 777 748 nullo
807 693 888 766 pacto
919 673 1020 766 potest.
1053 685 1121 746 ldid.
1149 682 1336 747 xtttltot.
1369 714 1409 728 —
1440 703 1525 746 ronr-

238 811 289 856 ors
310 809 485 866 ornemus,
517 821 559 834 -·-
588 785 623 850 V.
656 786 754 847 iudicis
786 784 918 864 officiam.
941 783 981 844 De
1002 783 1104 844 locent.
1128 782 1161 844 L.
1185 782 1248 845 Sec.
1282 780 1454 844 titillata.
1483 815 1526 826 -·

239 889 276 952 U.
298 888 369 950 sides
398 887 508 948 iudicio.
540 883 596 944 Pro
629 881 723 956 Quint.
753 878 907 942 xvtttna.
936 879 1094 956 -legum
1127 879 1299 958 interpretes
1329 879 1443 940 iudices.
1467 877 1523 938 Pro

241 985 344 1049 Gloeot.
377 981 523 1046 illlata.
545 986 588 1026 --'
616 981 728 1056 integer
758 979 933 1058 quietusque
963 979 1056 1039 iudea
1090 975 1130 1036 oe
1147 973 1238 1056 ¹Orat.
1269 975 1302 1036 L.
1327 975 1390 1038 Sec.
1421 973 1520 1036 XLIV.

140 1141 148 1152 ,
240 1084 310 1146 l8'l.
331 1099 462 1162 -opus
482 1087 524 1140 est
552 1079 680 1158 sapiente
710 1078 810 1138 iudice.
844 1075 904 1162 Pro
928 1075 1007 1136 mint.
1041 1073 1129 1135 Xffl.
1162 1107 1203 1119 -
1234 1073 1421 1134 offensionem
1452 1074 1524 1134 vitat

239 1179 442 1260 aequabilitate
461 1175 647 1252 decernendi,
670 1173 899 1236 benevolentiam
915 1171 1046 1248 adiungit
1068 1171 1185 1232 lenitate
1205 1171 1353 1234 audiendi.
1371 1171 1426 1232 Pro
1447 1169 1520 1232 ridor.

238 1275 350 1339 XXM.
392 1309 433 1322 -
472 1273 550 1354 apud
580 1271 690 1332 honum
721 1273 840 1356 iudicem
870 1276 1041 1346 argumenta
1073 1267 1138 1348 plus
1168 1287 1256 1349 quam
1291 1274 1377 1330 testes
1412 1266 1520 1328 valent.

235 1373 276 1436 oe
305 1372 346 1434 tte
375 1373 443 1434 Pub.
474 1370 507 1431 L.
540 1369 573 1430 P.
606 1365 812 1434 xxxvtflao.
844 1360 893 1410 -’
915 1365 1016 1426 iudicis
1037 1371 1080 1426 est
1102 1383 1214 1444 semper
1236 1367 1267 1425 in
1288 1366 1384 1425 causis
1415 1381 1521 1424 verum

236 1471 332 1550 sequi.
355 1469 395 1530 lle
419 1465 532 1547 offic.
564 1465 627 1528 Sec.
659 1461 786 1526 xlvat.
818 1495 860 1510 -
893 1464 975 1526 iudeo
1007 1463 1031 1522 is
1062 1461 1177 1523 videtur
1209 1461 1266 1538 legi
1298 1461 1522 1540 obtemperare,

236 1568 288 1645 qui
318 1565 491 1647 sententiam
523 1562 607 1638 eius,
630 1579 688 1621 non
719 1561 770 1640 qui
801 1561 977 1640 scripturam
1008 1567 1159 1638 sequatur.
1182 1557 1222 1620 De
1252 1559 1353 1620 lavard.
1391 1558 1423 1620 L.
1457 1558 1521 1620 Sec.

236 1659 435 1722 tutillam.
457 1691 498 1704 -
519 1657 569 1719 Est
589 1657 658 1718 boni
678 1659 776 1718 iudicis
797 1658 893 1738 parvis
914 1675 950 1718 ex
971 1656 1060 1718 rebus
1081 1658 1279 1718 coniecturam
1309 1655 1403 1716 lacere
1432 1655 1524 1714 unius

237 1759 379 1837 cuiusque
399 1763 428 1818 et
447 1755 613 1837 cupiditatis
634 1762 662 1816 et
683 1756 887 1818 continentiae.
910 1754 942 1816 lo
968 1752 1047 1816 Verr.
1081 1753 1146 1816 Act.
1183 1755 1246 1818 Sec.
1278 1752 1310 1814 L.
1334 1751 1436 1826 Quart.
1460 1750 1523 1813 XV.

237 1853 287 1916 34.
308 1887 349 1900 -
368 1854 452 1914 ledea
472 1871 535 1916 esse
556 1852 650 1912 bonus
670 1870 756 1914 nemo
778 1858 890 1932 potest,
914 1852 965 1930 qui
986 1851 1150 1930 suspicione
1181 1857 1260 1912 certa
1288 1867 1347 1910 non
1377 1855 1521 1911 movetur.

236 1951 305 2014 idid.
329 1951 361 2013 L.
384 1948 485 2021 Quint.
508 1948 661 2011 xxvlos.
683 1983 725 1994 -
744 1949 777 2010 L.
800 1947 917 2018 Cassius
938 1946 1008 2022 ille,
1031 1965 1118 2025 quem
1150 1947 1274 2026 populus
1305 1945 1453 2006 Romanus
1474 1964 1523 2006 ve-

237 2048 387 2110 rissimum
408 2052 437 2107 et
457 2045 705 2125 sapientissimum
725 2044 844 2104 iudicem
872 2041 1009 2122 putabat,
1032 2041 1190 2103 identidem
1211 2043 1243 2102 in
1264 2043 1523 2122 causisquaerere

237 2141 364 2204 solebat:
388 2160 406 2203 u
427 2143 476 2202 cui
498 2140 705 2202 bono‘suisset.
728 2157 745 2200 u
767 2139 824 2201 Pro
845 2137 924 2200 Rosa.
947 2136 1040 2200 Amor.
1063 2137 1203 2200 xxxat.
1236 2173 1277 2186 --
1297 2157 1351 2200 uec
1372 2146 1438 2200 ante
1459 2145 1526 2200 tur-

234 2258 287 2320 pes¹
305 2241 407 2300 iudices
427 2239 551 2317 quaesiti
571 2255 660 2316 quarn
681 2237 810 2296 honestis
841 2235 974 2296 iudicibus
1004 2236 1171 2295 nocentium
1193 2234 1271 2296 salus
1293 2235 1443 2315 desperata
1465 2242 1521 2298 est.

235 2337 311 2398 Plu'l.
334 2333 434 2407 Quint.
458 2333 561 2396 Vlla.
582 2367 624 2380 ·-
644 2333 764 2412 iniquus
795 2334 878 2392 iodea
909 2339 951 2393 est
982 2333 1033 2412 qui
1064 2340 1115 2391 aut
1146 2331 1255 2394 invidet
1276 2339 1326 2392 aut
1357 2333 1442 2396 lavet.
1466 2333 1526 2394 Pro

139 2439 140 2443 ’
235 2432 330 2495 Platae.
353 2431 438 2494 lll.'l.
460 2465 501 2476 -
520 2429 685 2492 Noluerunt
706 2431 745 2506 ii,
768 2419 820 2509 qui
839 2430 1003 2505 iudicabant,
1026 2429 1102 2490 hanc
1122 2436 1220 2508 patere
1241 2431 1402 2490 inimicitiis
1432 2431 1521 2506 viam,
1552 2439 1555 2446 ’

236 2545 324 2606 quem
345 2528 468 2606 quisque
489 2527 616 2603 odisset,
639 2533 671 2587 ut
693 2545 761 2587 eum
781 2527 946 2589 testimonio
977 2525 1071 2606 posset
1099 2525 1211 2588 tollere.
1235 2527 1290 2588 Pro
1311 2527 1391 2590 Foot.
1415 2525 1524 2589 litat.

235 2656 276 2668 -
297 2621 383 2684 Varia
404 2624 526 2684 iudicum
547 2641 671 2701 genera,
694 2625 855 2684 nummarii
875 2625 981 2703 pauci,
1009 2623 1060 2684 sed
1091 2641 1191 2702 omnes
1221 2625 1300 2686 irati.
1333 2625 1389 2685 Pro
1413 2623 1524 2688 Cloeot.

238 2718 406 2782 xxviima.
428 2753 470 2766 -
490 2719 547 2782 Ubi
567 2727 609 2781 est
631 2721 721 2796 igitur
742 2722 881 2800 sapientia
909 2721 1028 2782 iudicis?
1048 2719 1082 2780 ln
1103 2721 1178 2798 boc,
1202 2727 1314 2785 utnon
1335 2721 1430 2782 solum
1451 2721 1531 2802 quid·

233 2819 336 2898 possit,
359 2817 409 2878 sed
430 2818 518 2878 etiam
539 2818 604 2896 quid
622 2818 713 2878 uteo
733 2816 883 2896 ponderet,
906 2836 960 2879 nec
980 2824 1123 2898 quantum
1146 2819 1202 2880 sihi
1223 2821 1399 2900 permissum
1421 2819 1530 2882 memi-

236 2914 314 2974 nerit
334 2913 440 2990 solum,
463 2913 515 2974 scd
535 2915 623 2974 etiam
643 2920 789 2992 quatenus
816 2915 1004 2975 commissum
1032 2918 1080 2978 sit.
1103 2917 1158 2976 Pro
1179 2916 1246 2977 Rod.
1274 2915 1348 2978 Post.
1372 2915 1460 2980 uta.
1483 2949 1530 2962 -

190 3049 194 3056 -
237 3005 390 3070 Neminem
411 3008 568 3068 voluerunt
588 3011 713 3069 maiores
734 3011 827 3071 nostri
854 3027 913 3070 non
941 3009 1026 3072 modo
1046 3011 1082 3072 de
1102 3013 1314 3073 existimatione
1335 3013 1525 3093 cuiusquam,

235 3101 287 3164 sed
309 3121 346 3165 ne
366 3104 535 3186 pecuniaria
565 3103 684 3184 quidem
706 3103 741 3164 de
763 3122 796 3164 re
816 3105 938 3165 minima
969 3125 1031 3168 esse
1062 3109 1197 3176 iudicem,
1220 3109 1276 3168 nisi
1297 3111 1348 3188 qui
1369 3111 1447 3170 inter
1473 3109 1530 3170 ad-

236 3201 381 3262 versarios
402 3201 592 3264 convenisset.
615 3199 797 3281 Quapropter
819 3201 849 3261 in
870 3201 1007 3264 omnibus
1028 3203 1154 3282 legibus
1177 3201 1284 3284 quihus
1306 3191 1460 3290 exceptum
1480 3214 1530 3268 est.

235 3295 274 3358 de
294 3296 402 3376 quibus
422 3299 518 3358 causis
539 3305 590 3360 aut
610 3299 813 3376 magistratum
845 3317 948 3380 capere
968 3319 1026 3362 non
1057 3301 1141 3362 liceat
1162 3309 1214 3362 aut
1246 3303 1364 3364 iudicem
1394 3299 1450 3390 legi
1471 3310 1527 3364 aut.

237 3393 364 3456 alterum
397 3383 563 3472 accusare,
578 3395 650 3457 haec
680 3396 856 3472 ignominiae
886 3415 974 3458 causa
995 3399 1199 3479 praetermissa
1220 3406 1273 3462 est.
1297 3399 1421 3460 Timoris
1443 3401 1523 3462 enim

237 3509 377 3569 causam,
411 3509 469 3552 non
501 3492 576 3554 vitae
607 3509 728 3572 poenam
750 3493 780 3552 in
801 3492 850 3554 illa
882 3500 1020 3574 potestate
1051 3515 1114 3558 esse
1135 3496 1311 3569 ¹voluerunt.
1333 3497 1390 3559 Pro
1413 3495 1521 3562 Cloeot.

236 3585 409 3650 xltltaao.
431 3621 473 3634 -
491 3589 578 3650 iudici
607 3587 865 3650 demonstrandum
887 3597 951 3668 est,
974 3593 1045 3672 quid
1066 3593 1181 3656 iuratus
1201 3595 1260 3672 sit,
1289 3595 1355 3674 quid
1374 3597 1457 3674 sequi
1477 3597 1527 3656 de-
1611 3669 1613 3674 Ι

234 3685 308 3746 beot:
328 3685 442 3748 duabus
463 3685 499 3749 de
520 3687 619 3747 causis
639 3687 758 3748 iudicem
789 3685 925 3750 dubitare
956 3697 1108 3770 oportere,
1131 3693 1228 3752 siaul
1249 3693 1392 3771 scriptum
1409 3693 1451 3752 sit
1472 3690 1524 3752 ob-

234 3797 322 3840 scure
352 3785 402 3842 aut
430 3791 516 3860 neget
547 3783 658 3867 aliquid
689 3782 897 3846 adversarius:
931 3804 1024 3864 quum
1055 3793 1084 3848 et
1114 3784 1271 3866 scriptum
1290 3791 1389 3866 aperte
1425 3789 1462 3848 sit
1493 3794 1523 3850 et

236 3875 422 3956 adversarius
443 3882 539 3942 onmia
570 3880 764 3958 confiteatur,
791 3887 855 3942 tum
876 3883 996 3944 iudicem
1016 3881 1073 3960 legi
1093 3901 1217 3963 parere,
1244 3901 1302 3943 non
1334 3883 1525 3964 interpretari

235 3971 329 4050 legem
349 3983 491 4055 oportere.
514 3975 554 4037 lle
588 3977 690 4040 looeot.
723 3977 756 4040 L.
790 3979 853 4042 Sec.
887 3975 1146 4042 illiti-lvauar.
1168 4013 1210 4026 -
1238 3978 1314 4052 Quid
1348 3981 1425 4042 enim
1461 3989 1521 4044 tam

235 4069 347 4132 distans
377 4089 465 4151 quam
486 4092 502 4134 a
523 4074 676 4135 severitate
707 4075 848 4138 comitas‘l
875 4073 946 4147 Quis
977 4083 1074 4136 tamen
1105 4095 1235 4156 unquam
1256 4083 1292 4163 te
1316 4083 1366 4138 aut
1393 4079 1525 4142 sanctior

233 4175 280 4230 est
300 4167 418 4230 habitus
448 4176 499 4232 aut
529 4168 669 4234 dulciori
699 4167 775 4243 Quid
805 4177 864 4233 tam
896 4171 1013 4234 difficile
1043 4191 1131 4254 quam
1163 4175 1194 4234 in
1225 4173 1420 4256 plurimorum
1452 4192 1527 4236 con-v

233 4267 384 4326 troversiis
415 4267 584 4330 dadoenus
605 4265 642 4328 ab
662 4267 798 4330 omnibus
829 4267 932 4348 diligit
961 4268 1151 4350 Consequeris
1181 4278 1279 4332 tamen
1301 4257 1337 4332 ut
1354 4289 1424 4348 eos,
1446 4289 1524 4351 quos

232 4367 337 4424 contra
358 4370 489 4441 statuas,
512 4381 619 4445 aequos
638 4360 809 4447 pacatosque
833 4365 973 4429 dimittas.
996 4366 1098 4448 ltaque
1118 4367 1230 4451 efficis,
1258 4375 1313 4445 ut,
1334 4385 1427 4446 quum
1452 4385 1524 4445 gra·

234 4459 293 4521 tiae
323 4477 411 4523 causa
441 4459 516 4522 nihil
535 4461 644 4540 iacias,
666 4463 763 4524 omnia
788 4469 891 4524 ‘umen
911 4455 969 4548 sint
989 4472 1093 4542 grata,
1115 4453 1190 4546 quad
1210 4463 1291 4526 iacis.
1317 4461 1393 4526 Orat.
1427 4461 1516 4528 xal.

233 4555 403 4631 -Quodsi
424 4560 561 4622 tutudcc
585 4559 667 4622 nullo
697 4559 841 4642 praesidio
871 4559 1008 4622 videbare
1038 4569 1139 4625 contra
1170 4562 1229 4622 rim
1260 4567 1288 4622 et
1318 4561 1442 4638 gratiam
1472 4578 1523 4624 so—
