3572 5444
784 462 963 548 ..31-

222 649 387 731 quidquam
418 650 501 730 sequi
531 645 623 730 quod'
640 647 759 730 adsequi
789 667 847 712 non
879 667 978 729 queas
1001 649 1042 710 lle
1066 647 1120 732 Off.
1144 649 1176 712 L.
1206 649 1239 713 P.
1262 648 1437 713 xxxlnm.
1465 684 1511 698 -

225 765 384 812 recussus
411 782 453 794 -
472 746 507 808 V.
529 746 594 808 Non
613 747 708 826 socia.
741 739 853 809 lanta
886 742 1023 809 XXV.58.
1046 781 1088 794 -
1106 767 1274 825 urnunvn3
1296 782 1337 795 -
1357 747 1392 811 v.
1417 747 1510 821 Quem

226 844 366 922 Diogenes
397 843 573 925 Babylonius
603 860 781 924 consequens
812 846 843 908 in
874 863 907 906 eo
938 843 1014 907 libro
1033 846 1084 926 qui
1105 845 1276 908 inscribitur
1301 845 1342 908 lle
1369 845 1508 917 Minerva,

226 949 342 1022 partum
357 941 431 1003 lovis
445 948 600 1022 ortumque
619 942 742 1020 virginis
763 941 799 1004 ad
813 940 1020 1023 physiologiam
1031 943 1188 1006 traducens
1199 943 1340 1022 disiungit
1361 963 1378 1006 a
1398 943 1507 1008 fabula.

225 1039 266 1100 lle
279 1039 342 1104 Not.
359 1038 439 1102 Deor.
463 1041 495 1102 L.
519 1039 551 1101 P.
574 1037 687 1102 Xlldl.
707 1041 818 1122 -qui
839 1041 975 1118 genuisse
995 1041 1146 1104 Minervam
1166 1042 1285 1118 dicitur,
1319 1061 1407 1122 quam
1429 1045 1510 1122 prin-

225 1137 319 1216 cipem
333 1144 362 1199 et
392 1138 581 1198 inventricem
612 1136 682 1198 belli
712 1138 822 1201 ferunt.
856 1138 924 1200 ibid.
948 1139 981 1202 L.
1015 1139 1048 1202 Τ.
1071 1139 1199 1203 ΧΧΙ.53.
1221 1175 1262 1188 -
1289 1139 1380 1201 Mater
1411 1147 1509 1202 autem

223 1241 299 1296 esta
321 1237 330 1267 ‘
352 1235 506 1314 gerendis'
530 1235 665 1314 frugibus
687 1235 773 1298 Ceres
788 1243 936 1317 tamquam
959 1239 967 1270 ⁴
992 1235 1091 1314 Geras,
1117 1238 1124 1262 '
1149 1256 1276 1319 casuque
1296 1239 1391 1318 prima
1412 1237 1509 1300 littera

222 1331 324 1392 itidem
358 1332 532 1409 immutata,
566 1339 599 1394 ut
630 1351 647 1392 a
678 1331 813 1412 Graecis3
846 1351 914 1394 nam
949 1333 986 1395 ab
1020 1334 1079 1396 illis
1114 1353 1229 1416 quoque
1260 1344 1394 1417 Δημήτηρ
1425 1335 1511 1415 quasi

223 1437 358 1512 Γημήτηρ
380 1431 528 1491 nominate
549 1435 602 1490 est.
626 1429 687 1490 lam
708 1431 760 1510 qui
782 1433 790 1464 ‘
814 1449 918 1518 magna
939 1439 1067 1493 verteret
1089 1432 1097 1456 '
1121 1432 1244 1509 Mavors,
1267 1431 1389 1494 Minerva
1410 1439 1508 1494 autem

223 1546 298 1610 quae
329 1527 375 1588 vel
408 1527 586 1588 ‘minueret
608 1526 616 1550 '
639 1525 685 1587 vel
708 1530 715 1560 ‘
739 1529 913 1593 minaretur.
940 1529 947 1552 '
970 1529 1039 1592 lbld.
1063 1530 1096 1592 L.
1120 1530 1183 1594 Sec.
1210 1529 1362 1592 xxvlnn.
1393 1563 1435 1575 —
1454 1529 1509 1592 Mt-

220 1643 307 1685 neroc
327 1625 432 1704 prima,
455 1641 544 1702 quam
564 1622 705 1704 Apollinis
726 1633 849 1687 matrem
871 1644 960 1708 supra
981 1627 1119 1690 diximus.
1142 1627 1210 1690 lbid.
1234 1627 1267 1690 L.
1290 1627 1323 1689 T.
1351 1627 1505 1689 XXIIL59.

221 1753 265 1766 -
286 1719 415 1798 Agamus
436 1721 526 1798 igitur
547 1723 660 1802 pingui,
683 1731 716 1784 ut
736 1725 829 1800 aiunt,
852 1724 984 1787 Minerva.
1007 1724 1048 1787 De
1068 1725 1158 1788 Amic.
1182 1725 1270 1788 Vnt).
1292 1760 1334 1771 -
1357 1744 1505 1788 munuc...

218 1835 392 1896 mmuuva3
414 1852 456 1865 -
476 1817 511 1880 ll.
535 1837 655 1880 aversus
676 1839 692 1881 a
713 1820 813 1884 Musis.
836 1822 892 1884 Pro
923 1821 1007 1885 Arch.
1031 1823 1132 1905 linc.
1165 1857 1207 1868 —
1237 1823 1338 1884 durior
1370 1822 1406 1884 ad
1436 1823 1508 1883 haec

224 1916 331 1981 studia.
354 1916 422 1981 lbid.
444 1951 485 1963 -
505 1917 579 1980 nihil
611 1919 766 1981 adiuvante
796 1926 913 1982 natura.
947 1921 987 1982 De
1021 1918 1097 1982 Orat.
1121 1921 1154 1982 L.
1178 1922 1241 1984 Sec.
1274 1919 1444 1982 xnlvnst.
1466 1953 1508 1966 -

221 2013 397 2074 adversante
427 2019 456 2074 et
486 2021 667 2093 repugnante
698 2022 815 2076 natura.
848 2015 889 2074 lte
923 2013 986 2076 Sea.
1023 2013 1151 2076 xlxnl.
1183 2048 1225 2059 -
1255 2015 1281 2074 si
1311 2020 1416 2074 natura
1448 2031 1506 2074 non

225 2108 308 2172 feret.
341 2108 382 2171 lle
415 2108 468 2191 Off.
502 2111 535 2172 L.
568 2111 601 2174 P.
638 2109 838 2175 xxxtllnal.
875 2143 916 2155 -
950 2109 986 2172 U.
1019 2109 1252 2190 Quinquatribus
1286 2109 1431 2190 frequenti
1462 2127 1507 2171 se-

222 2212 294 2266 natu
327 2225 443 2267 causam
465 2214 546 2268 tuam
568 2209 614 2284 egi
634 2226 693 2268 non
713 2211 798 2270 a'aot'te
818 2207 950 2270 Minerva.
974 2207 1089 2270 Etenim
1110 2225 1144 2268 eo
1169 2209 1230 2286 ipso
1251 2207 1297 2268 die
1318 2214 1436 2268 senatus
1457 2207 1506 2268 d'e-

218 2303 333 2378 crevit,
358 2309 390 2362 ut
410 2303 532 2365 Minerva
551 2311 671 2381 nostra,
695 2311 791 2366 custos
824 2304 928 2380 urbis,
963 2323 1052 2385 quam
1080 2303 1166 2365 turbo
1191 2304 1354 2381 deiecerat,
1387 2305 1505 2366 restitu-

220 2407 330 2462 eretur.
354 2399 443 2480 npcsc.
465 2435 506 2447 -
526 2402 590 2464 ideo
610 2403 679 2483 quia
700 2401 774 2464 nihil
796 2403 878 2464 decet
908 2403 994 2463 inulto
1026 2401 1167 2471 Minerva,
1191 2410 1224 2463 ut
1251 2403 1354 2478 aiunt,
1378 2401 1406 2462 id
1439 2410 1502 2480 est,

219 2496 393 2556 adversante
423 2505 452 2558 et
482 2507 663 2579 repugnante
694 2507 810 2562 natura.
835 2500 875 2561 lle
899 2496 952 2581 Off.
976 2500 1008 2562 L.
1033 2499 1066 2562 P.
1090 2498 1263 2562 xxxlnlc.
1293 2533 1334 2545 -
1354 2500 1405 2562 Sin
1420 2499 1504 2580 plane

222 2593 372 2656 obhorrebit
392 2600 419 2654 et
440 2597 495 2655 erit
516 2583 659 2666 absurdos,
682 2603 715 2658 ut
736 2616 766 2658 se
787 2599 931 2658 contineat
952 2604 1002 2658 aut
1024 2597 1060 2659 ed
1082 2596 1162 2658 aliud
1190 2595 1320 2658 studium
1348 2597 1504 2658 transferat

217 2688 372 2751 admonebo.
395 2691 469 2752 Nam
489 2709 584 2772 neque
606 2695 641 2770 is,
663 2695 715 2773 qui
735 2696 841 2772 optime
870 2701 984 2774 potest,
1015 2694 1196 2756 deserendus
1227 2693 1287 2756 ullo
1318 2693 1403 2754 modo
1423 2701 1504 2756 esta

216 2785 415 2848 cohortatione
446 2796 544 2850 nostra
576 2807 670 2868 neque
691 2791 736 2865 is,
759 2791 810 2869 qui
841 2789 950 2870 aliquid
981 2797 1092 2871 potest,
1116 2791 1326 2873 deterrendus:
1350 2791 1428 2871 quod
1462 2790 1506 2852 al-

218 2889 316 2942 terum
347 2884 506 2947 divinitatis
536 2886 609 2946 mihi
640 2885 792 2947 cuiusdam
823 2887 960 2964 videtur,
984 2887 1110 2949 alterum
1125 2897 1141 2965 ‚'
1156 2889 1202 2950 vel
1222 2908 1275 2949 noo
1306 2891 1398 2968 facere
1425 2889 1503 2968 quod
1557 2950 1558 2953 ,

220 2993 279 3036 non
299 2981 405 3057 optime
425 2983 526 3058 possis,
549 2981 595 3041 vel
614 2985 703 3060 fecere
724 2983 801 3062 quod
821 3001 880 3042 non
901 2984 1024 3062 pessime
1044 2986 1138 3061 factos,
1164 2985 1365 3062 humanitatis»,
1380 2989 1501 3047 tertium

218 3090 287 3134 vero
308 3073 391 3152 illud,
415 3075 563 3138 clamitare
584 3085 676 3137 contro
696 3097 775 3158 quem
795 3081 883 3140 deceat
905 3087 929 3138 et
950 3099 1029 3157 quom
1048 3083 1142 3157 possit,
1166 3079 1291 3141 hominis
1312 3082 1375 3158 est,
1399 3089 1431 3142 ut
1452 3091 1499 3152 tc,

166 3183 171 3188 '
220 3168 330 3247 Catule,
354 3171 389 3233 de
409 3173 534 3252 quodam
565 3173 720 3235 clamatore
741 3174 860 3252 dixisti,
884 3175 1023 3236 stultitiae
1045 3195 1114 3238 suae
1137 3195 1225 3256 quam
1247 3176 1388 3257 plurimos
1413 3185 1499 3239 testes

221 3265 377 3328 domestico
407 3273 559 3348 praeconio
589 3270 759 3348 colligentis.
794 3271 834 3332 De
858 3269 934 3334 Orat.
958 3272 991 3335 L.
1016 3273 1079 3337 Sec.
1113 3273 1259 3336 linens.
1283 3308 1324 3319 -
1344 3275 1391 3339 Sic
1422 3277 1500 3336 enim

213 3371 260 3425 est
281 3367 444 3444 faciendum,
466 3375 495 3428 ot
516 3375 608 3430 contra
627 3371 779 3430 universnm
799 3377 926 3431 omnnem
945 3370 1017 3432 nihil
1038 3373 1238 3448 commodamus,
1261 3390 1294 3432 ca
1314 3379 1412 3434 tamen
1433 3391 1500 3434 con·
1609 3403 1612 3406 ·

220 3470 333 3524 servata
355 3465 502 3544 propriam
522 3471 659 3526 naturam
680 3484 849 3546 sequamur,
873 3474 916 3545 ut,
940 3469 1027 3528 etiam
1049 3469 1074 3528 si
1095 3470 1153 3530 sint
1175 3468 1231 3530 alia
1256 3471 1391 3547 graviora
1412 3478 1499 3549 atque

221 3558 352 3636 meliora,
375 3567 473 3622 tamen
493 3581 546 3623 nos
566 3561 662 3624 studia
683 3571 781 3624 nostra
802 3571 925 3626 naturae
946 3563 1047 3642 regula
1069 3567 1237 3630 metiamur.
1260 3567 1301 3628 lle
1325 3565 1378 3649 Off.
1406 3567 1438 3630 L.
1462 3567 1495 3630 P.
1616 3635 1618 3638 ,

219 3654 392 3720 XXXIMO.
414 3693 455 3705 -
475 3659 520 3721 Ad
534 3679 613 3740 quas
634 3661 723 3738 igitur
746 3679 793 3722 res
814 3663 955 3741 aptissimi
976 3664 1108 3740 erimus,
1132 3665 1163 3724 in
1184 3666 1424 3757 iispotissimum
1439 3665 1497 3727 ela-

219 3749 398 3815 borabimus.
422 3757 473 3820 Sic
493 3758 632 3838 aliquando
652 3759 808 3820 necessitas
829 3777 881 3818 nos
902 3759 939 3818 ad
959 3777 993 3819 ea
1007 3760 1176 3838 detruserit,
1192 3780 1267 3840 quae
1281 3764 1373 3822 nostri
1388 3764 1498 3840 ingenii

114 3901 116 3904 .
220 3863 279 3906 non
300 3856 398 3927 erunt,
421 3855 514 3914 omnis
534 3853 697 3917 adhibenda
718 3857 773 3917 erit
794 3875 883 3932 cura,
906 3856 1064 3934 meditatio,
1088 3857 1260 3936 diligentia,
1284 3866 1316 3920 ut
1337 3878 1370 3920 ea
1392 3862 1496 3938 sinon

220 3943 323 4006 decore
344 3954 374 4008 at
393 3965 481 4028 quam
502 3953 621 4014 minime
652 3953 787 4015 indecore
807 3956 898 4033 fecere
919 3955 1083 4034 possimne,
1107 3973 1160 4016 nec
1181 3961 1241 4016 tam
1262 3963 1304 4017 cst
1325 3957 1494 4020 enitendum

217 4048 251 4102 ut
271 4041 346 4105 bona
366 4047 533 4126 quaenobis
553 4049 619 4111 data
633 4067 691 4112 non
712 4053 769 4112 sint
784 4069 941 4132 sequamur
952 4069 1039 4132 quam
1052 4059 1083 4112 ut
1095 4053 1163 4114 vitia
1175 4051 1332 4132 fugiamus.
1348 4055 1491 4119 ittattl.
