3572 5444
840 434 1016 514 *207

258 640 323 664 .-
341 603 434 682 magis
455 609 497 664 est
519 603 623 682 etipse
643 600 762 683 moleste
783 601 857 664 ferat
878 619 991 664 errasse
1007 621 1048 680 sa,
1061 603 1149 664 sicuti
1158 621 1216 666 non
1227 623 1389 688 numquam
1410 608 1441 668 in
1462 608 1560 676 eodem

281 689 399 766 homine
409 719 524 780 quoque
534 701 642 764 erroris
653 700 711 760 mei
722 700 859 780 poenitet,
872 718 960 780 quam
972 701 1100 762 utistius
1111 702 1255 762 amicitiae
1266 704 1370 764 coiraco
1381 704 1559 770 reformidet.

280 799 337 864 Pro
360 796 431 860 Coei.
445 795 546 860 Vim.
557 832 599 842 -
609 815 712 861 roem.
725 828 766 842 -·
786 795 820 858 V.
844 795 903 874 labi
914 804 1022 876 autem,
1036 794 1146 875 errare,
1159 802 1272 878 nescire,
1285 799 1378 880 decipi
1398 808 1426 862 et
1450 802 1562 866 malum

282 903 402 974 ettorpe
422 895 567 956 ducimus
591 893 631 956 De
656 891 708 976 Off.
733 893 765 958 L.
782 894 815 956 P.
838 893 941 968 VI.18.
962 929 1003 940 —
1023 893 1058 958 Ii.
1082 894 1170 963 Adest
1191 898 1269 960 enim
1290 897 1351 959 iere
1371 917 1467 976 nemo,
1489 902 1563 980 quin

219 1034 222 1042 -
281 994 395 1055 acutius
425 999 512 1072 atque
532 993 630 1067 acrius
660 991 731 1054 vitia
750 991 781 1052 in
802 991 916 1055 dicente
946 1011 1033 1072 quam
1055 999 1133 1054 recta
1154 993 1259 1056 videat.
1282 993 1322 1056 De
1351 993 1427 1059 Orat.
1461 997 1493 1060 L.
1525 997 1559 1060 P.

278 1089 437 1152 xxvmo.
460 1125 501 1135 -
521 1107 655 1152 curiorum
678 1108 781 1151 ruem.
804 1124 844 1134 -
864 1089 900 1149 R.
923 1092 999 1172 redte
1019 1091 1152 1160 incondite
1172 1092 1263 1170 fundit
1284 1100 1411 1172 quantum
1430 1101 1516 1172 potest
1537 1103 1562 1156 et

278 1189 315 1256 id,
337 1189 405 1266 qood
424 1189 508 1256 dicit,
530 1189 639 1265 spiritu,
661 1205 714 1248 noe
744 1195 802 1247 orte
833 1187 1002 1248 determinet.
1036 1187 1104 1248 idid.
1128 1188 1160 1248 L.
1184 1187 1217 1250 Τ.
1240 1187 1412 1251 XLIVdi5.
1434 1224 1474 1236 -
1494 1209 1562 1252 con-

278 1291 452 1346 temnuntur
473 1285 505 1360 ii,
527 1285 578 1364 qui
592 1287 599 1316 ‘
613 1303 666 1344 nec
686 1283 742 1364 siipi
763 1301 816 1344 nec
844 1283 929 1360 alteri
941 1284 962 1360 ’‚
976 1291 1009 1345 ut
1029 1283 1149 1360 dicitur,
1162 1286 1194 1344 in
1212 1285 1322 1365 quibus
1343 1285 1444 1348 nullus
1465 1286 1559 1366 labor,

279 1379 537 1458 nulla'industria‚
560 1381 640 1442 nulla
661 1401 727 1441 cura
748 1388 801 1442 est.
815 1382 855 1443 De
879 1379 932 1462 Off.
946 1381 978 1444 L.
993 1383 1056 1445 Soc.
1079 1381 1167 1446 xeo.
1180 1416 1222 1428 —
1242 1391 1284 1444 est
1305 1385 1394 1460 enim,
1407 1385 1484 1464 quod
1505 1384 1558 1446 tibi

282 1479 323 1539 ita
344 1479 438 1538 videri
459 1497 574 1540 necesse
596 1471 649 1556 est,
672 1480 821 1540 nonsatis
843 1478 953 1558 pulitus
973 1480 1010 1540 iis
1030 1481 1234 1566 octiduouuas
1254 1483 1306 1560 qui
1325 1488 1425 1544 tenent
1452 1481 1560 1544 eruditi

280 1575 476 1656 appellantur.
498 1575 538 1637 De
559 1575 623 1638 Fen.
647 1575 680 1638 L.
704 1575 736 1638 P.
760 1574 878 1638 vlico.

444 1849 445 1854 ,
831 1779 1018 1851 VERSUS

351 1910 718 1984 DUCENTESIMUS
753 1911 1145 1984 SEPTUAGESIMUS
1175 1912 1398 1994 QUARTUS
1423 1914 1435 2004 (
1458 1915 1479 2006 ).

278 2107 279 2112 ¹
385 2132 651 2230 [criticumque
681 2151 805 2210 sonum
835 2131 952 2228 diuitis
981 2134 1152 2212 catienus
1182 2137 1217 2212 et
1245 2153 1346 2213 aure.

317 2252 563 2322 memnonem
584 2285 625 2296 -
645 2249 680 2312 V.
697 2258 802 2312 natura
817 2258 942 2312 rectum.
959 2251 999 2312 De
1014 2251 1053 2312 Re
1067 2252 1135 2313 Pod.
1153 2252 1185 2313 L.
1203 2252 1235 2312 Τ.
1252 2252 1476 2316 xxvl1.3o.-
1496 2274 1562 2336 pro-
1685 2327 1688 2332 ¹

277 2349 417 2410 handum.
440 2347 508 2409 ibid.
532 2348 564 2410 L.
588 2347 620 2408 P.
644 2346 797 2408 xxvlm.
820 2347 939 2408 —Neo
960 2349 1032 2408 mihi
1053 2348 1102 2409 ille
1123 2349 1265 2409 iudicium
1298 2348 1396 2430 populi
1416 2369 1470 2412 nec
1490 2353 1558 2430 lepi-

257 2447 372 2520 ,te‘mom
392 2445 520 2524 aliquam
542 2437 755 2505 contentionem
777 2463 831 2504 nec
852 2444 1087 2524 disceptationem
1109 2451 1159 2506 aut
1181 2463 1299 2506 caussae
1320 2446 1488 2524 dictionem,
1510 2449 1561 2510 sed

275 2545 346 2620 vim,
370 2561 463 2619 erma,
486 2544 643 2618 exercitae,
667 2543 877 2622 imperatoreS,
901 2549 996 2604 castra
1017 2542 1219 2606 denuntiabat.
1242 2544 1298 2605 Pro
1320 2543 1388 2606 see.
1417 2545 1558 2608 xviim.

276 2673 316 2684 —
347 2657 456 2702 sonum
486 2673 527 2684 -
557 2637 591 2700 V.
624 2638 782 2699 verborum
813 2658 917 2700 sonum.
950 2639 991 2700 De
1025 2637 1101 2701 Oret.
1135 2640 1167 2701 L.
1202 2640 1235 2704 Τ.
1272 2639 1402 2704 uvam.
1434 2675 1476 2686 -
1503 2661 1559 2722 quo

276 2756 337 2796 sono
369 2739 405 2796 sit
437 2738 522 2796 scire.
556 2734 640 2796 Acdd.
664 2736 696 2798 L.
722 2738 785 2800 Sec.
814 2735 967 2799 xxlvnc.
990 2736 1131 2797 —Duae
1162 2743 1230 2798 sunt
1261 2740 1352 2815 igitur
1384 2755 1452 2817 res,
1485 2758 1559 2820 quae

275 2833 456 2914 permulcent
487 2851 583 2901 acres,
616 2851 693 2894 soom
718 2839 746 2893 ot
767 2851 920 2918 numerus.
952 2830 1028 2894 Oret.
1051 2832 1221 2897 xulxnoa.
1251 2869 1292 2880 -·
1319 2835 1434 2914 Verba,
1458 2844 1489 2898 ut
1510 2855 1560 2898 su·

184 2941 187 2946 '
274 2948 328 3010 pra
362 2928 510 3006 diximus,
539 2929 659 3006 legenda
699 2937 767 2990 sunt
798 2931 980 3010 potissimum
1013 2928 1086 2990 hene
1116 2932 1256 3000 concutio,
1289 2932 1339 2992 sed
1370 2952 1403 2994 ea
1434 2941 1498 2993 non'
1526 2939 1559 2994 ut
1618 3009 1619 3013 Ἰ

275 3032 374 3108 poetae
390 3101 391 3104 Ἴ
408 3028 550 3106 exquisita
581 3027 617 3088 ad
647 3047 751 3088 sonunt.
778 3027 847 3089 idid.
881 3062 921 3072 -
951 3043 1068 3089 DIGITIS
1099 3061 1140 3072 -
1170 3026 1205 3088 V.
1239 3047 1331 3107 quum
1366 3031 1566 3096 accusationis

274 3130 341 3185 tuae
372 3125 504 3186 membra
536 3123 665 3185 dividere
693 3126 818 3204 coeperit
839 3132 867 3184 et
888 3127 919 3184 in
950 3126 1043 3199 diuitis
1075 3125 1136 3182 suis
1167 3124 1297 3200 singulas
1327 3131 1421 3204 partes
1452 3141 1556 3183 causae

242 3209 247 3218 ’
274 3224 459 3284 constituere.
482 3222 515 3282 Iu
537 3219 636 3282 Coeoii.
659 3221 780 3303 Dioieot.
804 3219 931 3283 xlvuo.
954 3254 994 3264 -
1014 3220 1130 3280 Podtam
1162 3239 1220 3280 non
1241 3221 1328 3282 audio
1347 3222 1378 3280 in
1399 3221 1501 3296 nugis:
1525 3220 1557 3279 in

272 3321 348 3382 vitae
378 3322 512 3380 societate
544 3318 661 3378 audiam
693 3319 785 3378 civem
813 3319 907 3394 dipitio
928 3322 1043 3396 peccata
1064 3315 1261 3378 dimetientem
1293 3321 1368 3380 sua?
1389 3317 1491 3378 Porod.
1522 3315 1555 3377 Τ.

272 3417 364 3481 limo.
386 3453 426 3464 -
446 3416 481 3478 R.
511 3416 667 3492 Digitorum
695 3417 773 3475 enim
801 3415 945 3475 contractio
975 3412 1067 3474 facilis
1098 3414 1248 3494 facilisque
1278 3416 1413 3493 porrectio
1442 3420 1558 3493 propter

273 3515 374 3578 molles
405 3515 612 3576 commissuras
633 3519 661 3573 et
682 3519 763 3572 artus
785 3511 866 3572 nullo
887 3513 918 3572 in
939 3518 1019 3572 motu
1041 3510 1163 3574 laborat.
1187 3513 1287 3591 Itaque
1308 3513 1344 3572 ad
1365 3512 1557 3590 pingendum,

274 3615 311 3676 ad
341 3613 532 3690 tingendum,
555 3611 591 3671 ad
622 3609 831 3690 scalpendum,
855 3609 891 3670 ad
912 3629 1070 3671 nervorum
1092 3609 1247 3670 eliciendos
1268 3627 1342 3668 sonos
1363 3627 1397 3668 ao
1418 3607 1555 3668 tibiarum

274 3720 339 3794 apta
360 3731 464 3774 manus
485 3717 528 3772 ost
549 3709 711 3771 admotione
731 3710 888 3787 diodorum.
912 3707 952 3767 De
979 3707 1042 3771 Not.
1076 3708 1158 3770 Dece.
1192 3705 1224 3767 L.
1258 3706 1321 3769 Sec.
1355 3703 1486 3766 LXd58.
1519 3738 1558 3750 —

273 3829 444 3873 educemus
464 3845 505 3855 -
525 3808 560 3870 V.
583 3807 628 3870 vel
649 3828 717 3886 usu,
740 3826 827 3888 quem
849 3812 927 3867 aetas
948 3804 1072 3883 denique
1100 3803 1205 3879 adfert,
1227 3802 1272 3864 vel
1294 3802 1442 3864 auditione
1463 3809 1491 3862 et
1512 3819 1562 3862 co·

272 3909 431 3986 guntione,
464 3927 538 3987 quoe
569 3907 666 3968 studio
686 3914 714 3967 et
736 3905 886 3982 diligentia
917 3903 1082 3984 praecurrit
1103 3907 1237 3964 aetatem.
1265 3899 1306 3962 De
1335 3899 1410 3962 Orat.
1435 3898 1467 3959 L.
1491 3900 1555 3961 Soc.

272 4003 431 4066 xxxmo.
454 4039 495 4049 —
515 4004 726 4065 consuetudine
746 4002 952 4064 obduremus.
975 4001 1051 4064 Poto.
1075 4001 1138 4064 Sec.
1161 3997 1321 4060 xnlluoo.
1347 4029 1387 4041 -·-
1411 3996 1484 4056 Nam
1505 4013 1559 4055 nos

273 4119 388 4184 quoque
402 4101 498 4162 oculos
519 4105 636 4163 eruditos
657 4103 790 4162 iubemus.
815 4101 915 4161 Porod.
939 4097 1038 4170 Quint.
1062 4098 1153 4160 1138.
1176 4132 1216 4144 -
1236 4099 1260 4158 εἰ
1280 4097 1356 4156 modo
1378 4113 1433 4156 usu
1455 4109 1557 4154 rorum

272 4201 458 4280 permitteris,
481 4199 564 4259 nihil·
576 4207 603 4260 te
625 4199 742 4274 effugiet
764 4205 850 4276 atque
871 4216 967 4276 omne,
984 4197 1060 4277 quod
1075 4198 1130 4258 erit
1145 4186 1176 4256 in
1197 4213 1241 4272 re,
1258 4200 1391 4254 occurret
1413 4199 1499 4270 atque
1512 4190 1557 4248 in-

273 4299 358 4361 cidet.
382 4297 422 4359 oe
446 4295 522 4358 Oret.
546 4297 579 4358 L.
603 4298 666 4360 Sec.
689 4295 889 4358 xxxlvmr.
923 4330 963 4344 --
983 4301 1115 4358 versutos
1136 4312 1183 4356 eos
1205 4292 1315 4373 appello
1336 4305 1462 4372 quorum
1484 4285 1558 4348 cele·
1610 4309 1612 4316 ’

287 4505 549 4518 ——-=—

308 4570 343 4644 (d)
364 4570 434 4626 Vide
454 4588 567 4627 vorsus:
588 4569 920 4626 coemitur-cmxiv.
