3572 5444
785 455 961 524 ...33-

229 647 300 690 rem
324 628 436 690 nullam
458 627 576 704 habent,
600 634 680 687 tuam
701 626 901 686 exhauriunt?
922 625 996 687 Pln'l.
1020 626 1084 688 Sees
1108 622 1209 687 viis.
1232 657 1272 671 -
1293 644 1351 686 non
1372 627 1450 688 enim
1471 645 1523 688 au-

226 726 308 788 dent
329 725 478 787 adversari
499 725 607 785 nostris
627 723 835 785 voluntatibus
860 722 949 801 Epist.
972 721 1102 784 -Nihil
1122 723 1201 782 enim
1222 722 1272 784 illo
1293 723 1410 786 homine
1430 724 1520 792 bnis,

226 823 313 885 nihil
342 824 494 901 egentius,
517 821 591 882 nihil
620 822 812 901 inquinatius,
835 819 891 881 Pro
922 818 1012 883 Flace.
1036 819 1127 883 lias.
1149 839 1268 882 -nou
1300 823 1424 899 gratiam
1438 869 1457 898 „
1470 842 1520 884 ve-

229 938 306 981 rum
338 920 501 981 mercedem
532 919 667 999 postulat.
690 918 730 979 lie
760 917 863 980 invent.
887 919 919 980 L.
943 919 1006 982 See.
1040 917 1238 981 xxxixaos.
1268 920 1404 998 -quod
1437 922 1522 982 amici

231 1036 332 1095 genus
353 1017 490 1079 adhibere
511 1019 628 1078 omnino
649 1016 773 1078 levitatis
794 1023 847 1078 est.
870 1015 911 1076 lie
932 1014 1021 1077 Anio.
1044 1014 1183 1078 XXV.93.
1206 1016 1377 1078 -Etenim
1399 1019 1424 1077 si
1448 1016 1521 1078 illud

235 1124 285 1177 est
305 1117 363 1177 iam
383 1115 578 1193 flagitiosum,
600 1115 678 1194 quod
704 1115 776 1174 mihi
808 1114 939 1174 omnium
972 1131 1073 1176 rarum
1107 1115 1308 1195 turpissimum
1339 1116 1523 1196 maximeque

234 1215 383 1275 rsesarium
404 1212 529 1289 videtur,
552 1214 583 1272 ab
603 1232 661 1272 rem
682 1214 854 1274 indicendum
873 1213 1017 1289 pecaniam
1044 1213 1185 1290 aeeipm,
1207 1215 1296 1292 pretio
1322 1214 1416 1274 bahem
1445 1213 1522 1274 addi·

237 1321 310 1373 etun
329 1312 409 1392 fiden
429 1321 455 1372 et
474 1311 642 1388 religionem,
657 1317 765 1388 quanto
780 1308 853 1368 illud
875 1308 1056 1386 flagitiosius
1072 1309 1244 1388 improbius,
1261 1310 1421 1388 indigniuS,
1440 1329 1519 1380 eum.

237 1428 334 1490 aquo
355 1411 508 1490 pecuniam
530 1408 565 1468 ob
588 1406 796 1468 absolvendum
816 1408 973 1486 acceperis,
996 1406 1201 1484 condemnare,
1225 1415 1257 1468 ut
1278 1427 1315 1468 ne
1341 1408 1521 1487 praedonum

240 1507 359 1588 quidem
374 1515 490 1586 praetor
505 1507 535 1564 in
549 1503 606 1565 fide
621 1504 774 1565 retinenda
785 1504 1027 1565 consuetudinem
1039 1508 1211 1567 conservet‘.l
1226 1505 1258 1566 ln
1273 1505 1350 1567 Vera.
1373 1505 1438 1567 Aet.
1456 1507 1519 1570 Sec.

239 1605 272 1665 L.
285 1607 349 1667 Sec.
362 1603 529 1664 xxxiiia.
541 1635 581 1647 -
592 1602 638 1664 Fit
649 1604 726 1662 enim
737 1603 864 1663 deterior
875 1604 926 1682 qui
938 1603 1042 1682 accipit
1053 1609 1140 1682 atque
1154 1601 1191 1662 ad
1206 1601 1283 1663 idem
1296 1620 1409 1683 semper
1421 1621 1522 1683 exspe-

239 1701 378 1762 ctandum
388 1702 526 1780 paratior.
536 1699 576 1761 lte
586 1698 639 1781 Off.
653 1700 685 1762 L.
699 1701 762 1763 Sec.
776 1699 888 1762 luas.
902 1733 943 1746 -
953 1700 1125 1780 impeditum
1137 1719 1167 1761 se
1179 1701 1275 1780 ipsum
1286 1700 1418 1777 laudare,
1432 1720 1468 1762 ne
1479 1702 1521 1762 vi-

241 1800 313 1859 tium
324 1798 509 1876 adrogantiae
530 1798 737 1877 subsequatur,
753 1797 846 1858 solum
868 1816 936 1858 vero
956 1797 1083 1858 liberum
1104 1797 1229 1860 alterum
1250 1797 1382 1876 laudare,
1407 1799 1443 1860 de
1463 1819 1521 1879 quo

239 1895 379 1976 quidquid
394 1896 529 1957 detrahas
550 1912 666 1958 neeesse
686 1905 728 1957 est
743 1903 794 1956 aut
808 1893 970 1956 infirmitati
984 1893 1034 1956 aut
1048 1897 1173 1958 invidiae
1184 1897 1364 1975 adsignetur.
1378 1898 1467 1976 Epist.
1479 1931 1520 1944 -

191 1981 192 1992 ¹
239 1995 424 2073 nequeenim
445 1994 548 2054 nenaiia
568 2001 637 2053 sunt
657 2012 731 2072 quae
752 1995 870 2072 quidem
891 1994 1022 2072 placeant
1036 2002 1064 2054 et
1078 1995 1180 2055 confici
1194 1995 1251 2054 nisi
1266 2014 1316 2074 per
1331 1997 1478 2057 hominem
1493 2004 1521 2058 et

239 2092 363 2169 peritum
385 2099 413 2151 et
434 2089 601 2168 diligentem
623 2109 680 2151 non
702 2098 832 2170 possunt.
848 2089 916 2152 idid.
931 2089 1166 2170 -Quamquam
1182 2092 1235 2151 ista
1250 2094 1403 2162 adsentatio,
1418 2112 1521 2173 quam-

240 2189 282 2249 vis
303 2189 462 2268 perniciosa
484 2189 532 2264 sit,
555 2204 659 2249 nocere
680 2196 777 2250 tamen
798 2190 908 2249 nemini
929 2197 1020 2268 potest
1041 2190 1097 2250 nisi
1118 2191 1155 2265 ei,
1168 2191 1219 2270 qui
1232 2209 1297 2250 eam
1318 2193 1420 2271 recipit
1433 2200 1520 2272 atque

236 2305 269 2345 ea
290 2285 462 2347 delectatur.
486 2285 528 2346 lta
548 2285 582 2346 lit
603 2294 635 2346 ut
657 2287 681 2346 is
702 2289 910 2348 anennoribas
931 2287 1081 2366 patefaciat
1102 2305 1189 2348 aures
1210 2305 1278 2348 suas
1299 2290 1445 2366 maxime,
1467 2291 1519 2370 qui

237 2385 297 2463 ipse
316 2385 367 2444 stoi
387 2387 539 2445 adsentator
559 2394 631 2445 etse
652 2387 771 2445 omnisne
790 2387 849 2463 ipse
869 2385 988 2446 delectet.
1012 2385 1052 2446 lte
1072 2385 1162 2447 Amic.
1186 2385 1338 2449 xxviiii.
1360 2421 1400 2434 -
1420 2387 1518 2460 Qutd‘t

238 2489 267 2539 tn
287 2480 350 2538 ludi
370 2487 398 2539 te
419 2499 476 2540 non
498 2479 698 2558 intelligebas,
721 2501 813 2561 quam
834 2484 883 2543 tibi
904 2483 976 2543 haec
1007 2483 1185 2557 recitabant:
1209 2485 1390 2546 etat-iserniam
1409 2488 1516 2555 airam,

237 2577 467 2652 praestantissima
486 2581 632 2654 sapientia,
654 2579 786 2656 singulari
808 2583 937 2657 ingenia?
959 2581 1029 2641 llihi
1049 2581 1152 2658 crede,
1176 2581 1325 2644 ludebant.
1348 2584 1404 2644 Pro
1424 2584 1515 2646 Floae.

238 2671 390 2735 xxxlme.
413 2709 453 2720 -
474 2674 524 2735 Est
543 2676 634 2752 igitur
665 2679 773 2737 oratori
803 2677 957 2755 diligenter
989 2679 1219 2758 providendum,
1253 2697 1311 2740 non
1333 2687 1365 2742 ut
1386 2682 1428 2742 eis
1447 2683 1517 2744 satis

237 2769 342 2847 iaciat,
365 2771 473 2850 quibus
494 2789 611 2833 necesso
631 2781 694 2849 est,
723 2777 768 2834 sed
787 2784 816 2836 nt
837 2778 876 2836 eis
895 2778 1061 2838 admirabilis
1081 2797 1136 2837 esse
1155 2779 1294 2846 ndeatan
1317 2779 1409 2856 quiden
1435 2780 1517 2840 iibere

236 2869 315 2929 liceat
344 2871 475 2931 indicare.
499 2871 540 2931 De
563 2869 639 2933 Orat.
664 2872 695 2932 L.
720 2872 751 2934 P.
776 2871 946 2936 xxvidie.
969 2907 1011 2920 -
1030 2893 1152 2940 vsnsus
1172 2908 1213 2920 -
1233 2874 1269 2937 R.
1293 2875 1407 2936 interea
1438 2877 1516 2937 unde

238 2964 285 3022 isti
304 2969 412 3024 iteratis?
437 2969 514 3028 iisse.
538 2969 570 3028 L.
594 2969 656 3030 See.
680 2967 781 3030 ximo.
804 3003 845 3014 -
865 2988 986 3032 vassus
1019 2990 1081 3030 mur
1102 3004 1142 3016 -
1163 2969 1197 3030 V.
1220 2973 1270 3031 tibi
1290 2992 1389 3033 versas.
1422 2973 1512 3052 Epist.

236 3093 276 3104 --
296 3079 360 3120 mm
380 3093 421 3105 -
442 3061 475 3122 V.
500 3063 624 3141 proiecto
645 3066 693 3125 tili
715 3066 779 3143 ipsi.
803 3066 857 3125 Pro
885 3066 945 3127 Mil.
976 3065 1113 3128 XXV.68.
1132 3099 1173 3111 -
1193 3087 1255 3129 rusa
1277 3087 1395 3134 recres
1416 3103 1456 3116 -—
1477 3072 1512 3133 R.

166 3183 169 3188 ·
236 3175 293 3216 non
315 3159 461 3236 putastis
483 3177 545 3220 esse
566 3160 688 3222 verbum
710 3179 745 3222 ex
766 3179 816 3223 are
837 3164 917 3224 exire
938 3164 1111 3243 cuiusquam
1133 3165 1208 3244 quod
1230 3183 1289 3227 uon
1303 3168 1465 3230 iucundum
1486 3177 1514 3230 et

237 3253 429 3315 honorificum
450 3257 485 3316 ad
518 3276 604 3318 aures
626 3267 690 3320 tuas
711 3259 832 3321 aecidat.
866 3261 897 3320 ln
935 3261 1021 3323 Vatia.
1055 3261 1125 3324 itt.
1149 3297 1189 3308 —
1213 3283 1285 3344 quos
1317 3283 1401 3326 nemo
1432 3265 1511 3346 legit.

235 3351 316 3412 liant.
341 3351 511 3415 XXleli.
535 3373 666 3434 -quos
688 3375 744 3417 uon
767 3368 919 3420 eorrtemno
946 3359 1102 3438 equidem,
1132 3362 1238 3442 quippe
1258 3381 1330 3442 quos
1351 3383 1512 3444 numquam

234 3447 365 3526 legerim.
404 3451 480 3512 Tusa.
504 3453 536 3512 L.
560 3453 623 3516 See.
657 3453 741 3516 illi.
763 3475 879 3515 -cur
911 3456 1025 3533 legendi
1056 3459 1115 3520 sint
1135 3460 1192 3519 nisi
1213 3461 1268 3540 ipsi
1289 3461 1365 3522 inter
1386 3481 1437 3539 se,
1461 3465 1512 3543 qui

236 3545 310 3606 idem
331 3549 468 3624 sentiant,
491 3569 548 3610 non
571 3549 709 3628 intelligo.
732 3552 800 3614 idid.
816 3587 856 3598 —
871 3554 971 3633 ltaque
984 3574 1052 3616 suos
1067 3555 1156 3617 libros
1171 3558 1225 3637 ipsi
1246 3557 1347 3636 legunt
1361 3579 1428 3621 cum
1449 3563 1512 3622 suis
1620 3544 1623 3550 ¹

234 3664 280 3704 nee
300 3648 439 3726 prinpum
458 3651 568 3725 attingit
589 3656 703 3727 praeter
724 3669 782 3725 eoS,
805 3653 856 3730 qui
877 3651 1008 3712 eamdem
1030 3653 1175 3715 licentiam
1197 3655 1343 3718 scribendi
1373 3660 1424 3719 sibi
1445 3679 1511 3738 per-

235 3742 310 3800 mitti
330 3743 439 3806 volunt.
462 3745 528 3807 ibid.
553 3745 585 3808 L.
609 3747 641 3808 P.
665 3747 749 3810 illo.
772 3783 812 3794 -
833 3749 883 3812 Est
904 3758 1001 3810 autem
1022 3752 1081 3828 hic,
1104 3753 1139 3813 de
1159 3771 1217 3832 quo
1237 3753 1350 3835 loquor,
1366 3758 1510 3837 uonpbi·

236 3835 362 3914 losophia
384 3839 497 3916 solum,
521 3845 570 3904 sed
597 3846 683 3906 etiam
711 3847 815 3907 ceteris
845 3838 970 3923 studiis,
1000 3867 1074 3929 quae
1106 3850 1166 3910 lere
1196 3851 1320 3931 (eeteros)
1352 3852 1508 3933 Epicureos

234 3931 379 4008 negligere
399 3935 511 4014 dieunt,
528 3940 696 4019 perpolitus
718 3943 818 4003 Poena
839 3962 925 4024 porro
944 3949 1011 4025 feeit
1030 3948 1069 4007 ita
1091 3947 1236 4024 festivum,
1260 3949 1298 4009 ita
1319 3952 1506 4030 concinnum,

233 4030 272 4090 ita
294 4029 420 4108 elegam,
443 4034 515 4095 nihil
538 4043 571 4096 ut
591 4037 655 4097 fieri
675 4041 762 4118 possit
784 4043 927 4119 argutius.
950 4043 983 4104 ln
1004 4063 1062 4124 quo
1081 4047 1273 4126 reprehendat
1294 4065 1362 4109 eum
1382 4049 1460 4126 licet,
1482 4053 1507 4112 si

231 4127 283 4206 qui
303 4127 389 4204 volet,
412 4131 494 4191 modo
515 4131 638 4210 leviter,
662 4153 720 4196 non
741 4146 773 4198 ut
793 4140 980 4219 improbum,
1004 4162 1061 4203 non
1083 4149 1117 4204 ut
1136 4144 1297 4222 audacem,
1320 4164 1378 4208 non
1400 4154 1433 4208 ut
1452 4149 1507 4208 im-

231 4242 350 4304 purum,
373 4227 423 4287 sed
444 4224 477 4288 ut
497 4228 695 4308 Graeculum,
720 4241 752 4295 ut
771 4238 982 4316 adsentotnen,
1007 4247 1039 4302 ut
1058 4249 1175 4321 poetata.
1197 4244 1310 4306 Devenit
1336 4252 1433 4306 autem
1460 4266 1507 4306 sen

231 4323 326 4401 potius
347 4325 448 4386 incidit
469 4327 501 4388 in
521 4329 622 4406 istum,
645 4331 744 4393 eodem
765 4333 900 4415 deceptus
921 4338 1093 4418 supercilio,
1117 4339 1244 4402 Graecus
1265 4349 1351 4422 atque
1372 4342 1503 4419 advena,

229 4439 287 4500 quo
318 4428 359 4483 tot
389 4425 532 4504 sapientes
563 4436 591 4488 et
622 4436 700 4491 tanta
730 4433 841 4494 civitas,
864 4433 1009 4498 Revocare
1030 4456 1061 4499 se
1081 4457 1138 4500 uon
1170 4446 1280 4519 poterat
1310 4437 1505 4502 familiaritate

229 4519 383 4598 implicatas
404 4528 432 4582 et
452 4523 540 4584 simul
561 4525 769 4593 inconstantiae
788 4531 894 4594 lamam
915 4534 1081 4598 verebatur.
1104 4535 1231 4613 Repetas,
1243 4538 1378 4606 inritatos,
1390 4547 1502 4610 sanctas,

229 4615 269 4676 ita
289 4617 381 4680 multa
402 4618 439 4680 ad
459 4621 548 4682 istum
569 4623 604 4686 de
625 4627 678 4687 isto
709 4645 824 4709 quoque
854 4633 980 4712 scripsit.
1003 4633 1035 4694 in
1054 4633 1114 4696 Pis.
1137 4631 1289 4696 xlllxao.
1311 4668 1352 4682 -
1375 4654 1502 4760 nuupms
