3572 5444
832 432 1014 502 ...31)-

287 602 425 664 iiciorum
446 603 597 682 omnisque
616 607 761 679 naturae,
787 620 862 682 quae
881 620 978 664 mores
997 601 1162 679 homiuum,
1184 620 1259 682 quae
1280 593 1404 680 animos',
1430 623 1504 684 quae
1523 606 1568 666 ri·

286 708 346 762 tam
370 702 512 778 eontinet,
534 700 697 778 originem,
719 699 779 760 rim
799 701 1030 780 mutationesque
1053 707 1170 776 teneat,
1193 699 1294 762 eadem
1326 717 1443 778 mores,
1467 701 1564 780 leges,

285 800 353 860 iura
377 791 543 874 describat,
565 813 629 860 rem
660 793 805 878 publicam
836 805 939 874 regat,
962 798 1080 874 omnia,
1102 813 1177 877 quae
1198 796 1235 858 ad
1255 815 1471 879 quamcumque
1502 817 1565 862 rem

286 897 474 976 pertineant,
497 902 598 956 ornate
628 895 797 975 copioseque
816 893 904 956 dicat.
926 893 994 957 ibid.
1026 892 1140 956 xxno.
1162 927 1203 940 -
1222 893 1297 956 Nam
1317 901 1346 956 et
1366 896 1503 976 sapientis
1523 903 1567 958 oct

284 993 440 1056 consilium
461 992 605 1074 explicare
625 1009 713 1054 suum
733 991 769 1053 de
789 992 923 1054 maximis
949 993 1026 1054 retae
1046 999 1075 1053 et
1094 991 1209 1053 honesti
1238 999 1267 1053 et
1286 993 1382 1054 diserti
1408 1000 1441 1053 ut
1468 1000 1566 1056 mente

285 1091 458 1172 providere,
494 1090 665 1152 auctoritate
695 1087 839 1170 probare,
861 1089 991 1152 oratioue
1022 1088 1197 1168 persuadere
1217 1090 1318 1168 possis.
1351 1089 1419 1150 ibid.
1443 1089 1476 1152 L.
1499 1090 1563 1156 sea.

283 1185 455 1251 Lxxlnao.
467 1221 508 1233 -
517 1203 619 1251 nauso
633 1203 767 1249 vnaruru
781 1203 909 1248 ursnarr
922 1219 963 1232 —
975 1184 1064 1246 Aliud
1079 1194 1122 1247 est
1136 1187 1214 1246 enim
1228 1203 1291 1246 esse
1311 1171 1453 1248 artificem
1467 1188 1567 1248 cuiue-
1587 1243 1590 1247 .

283 1285 351 1347 dam
367 1287 483 1363 generis
504 1292 591 1365 atque
610 1284 693 1360 artis,
709 1282 789 1345 aliud
809 1284 840 1344 in
861 1284 1010 1344 communi
1022 1285 1082 1346 vite
1102 1291 1131 1344 et
1151 1282 1266 1360 vulgari
1279 1283 1432 1344 hominum
1444 1302 1566 1348 consue·

144 1381 151 1388 ”
282 1381 386 1443 tudine
406 1400 460 1443 nec
480 1380 613 1444 hebetem
626 1398 680 1442 neo
700 1379 815 1443 rudem.
837 1378 906 1442 ibid.
923 1380 956 1442 L.
968 1380 1002 1442 P.
1015 1378 1187 1442 Lvlltntt.
1202 1413 1244 1425 -
1257 1380 1288 1444 Si
1302 1379 1462 1458 intelligam
1483 1399 1565 1462 posse

283 1478 320 1540 ad
341 1495 470 1539 summos
489 1479 662 1558 pervenire,
684 1495 743 1538 non
764 1477 858 1538 solum
878 1476 1037 1554 hortabor,
1060 1485 1094 1538 ut
1113 1476 1255 1555 elaboret,
1275 1476 1325 1538 sed
1352 1480 1451 1555 etiarn,
1473 1480 1499 1540 si
1519 1480 1564 1540 rir

282 1594 398 1657 quoque
429 1575 522 1637 bonus
552 1577 626 1637 mihi
655 1574 801 1636 ridebitur
832 1593 915 1652 esse,
938 1574 1105 1638 obsecrabo.
1133 1575 1255 1636 Tantam
1282 1593 1335 1653 ego
1362 1577 1394 1637 in
1421 1577 1563 1638 eooebeote

282 1681 388 1735 oratore
409 1681 434 1735 et
455 1676 545 1735 eodem
565 1674 707 1751 buretro
728 1690 883 1753 ponoesse
904 1663 1067 1734 ornamenti
1098 1675 1251 1734 universae
1282 1675 1401 1735 civitati.
1440 1673 1492 1738 Sin
1521 1674 1564 1734 ri-

191 1850 196 1858 ι
282 1769 410 1846 debitur,
434 1787 526 1850 quum
547 1770 644 1831 omnia
664 1786 778 1830 summa
798 1769 909 1845 iecerit,
931 1777 1022 1830 tameo
1043 1769 1079 1831 ad
1099 1772 1247 1832 ,medioeres
1267 1777 1397 1832 oratores
1419 1789 1481 1832 esse
1494 1789 1564 1834 ven·

280 1873 388 1943 turus,
412 1868 578 1946 permittam
600 1867 655 1946 ipsi
684 1864 755 1946 quid
784 1863 873 1928 velit:
897 1863 1035 1928 molestus
1066 1884 1171 1944 magno
1203 1885 1289 1948 opere
1320 1885 1378 1928 non
1407 1884 1467 1930 ero.
1490 1867 1558 1928 ibid.

282 1963 316 2027 L.
341 1965 404 2028 Sec.
427 1962 540 2026 XX.85.

284 2239 287 2242 .
385 2169 578 2246 Quoniam
603 2169 830 2260 mopoitudo
856 2167 1063 2240 voluminis
1089 2169 1235 2258 aliquid
1260 2170 1350 2240 borio
1366 2169 1565 2261 operimini

279 2285 376 2356 eddi
400 2284 561 2355 minime
579 2283 777 2374 probibet,
804 2283 989 2354 nonnulli
1005 2273 1212 2376 prepterea
1245 2303 1379 2354 versus
1397 2283 1562 2374 prolatis

283 2399 553 2470 subticeretur.
673 2433 676 2438 ·

216 2723 217 2726 Ὺ
279 2577 469 2702 ruricus
495 2625 885 2702 rnnouurmrnus
915 2626 1238 2700 ooroousrnus
1267 2627 1475 2708 oururus
1504 2631 1559 2726 (u.

386 2831 433 2911 iu
464 2831 540 2910 nihil
570 2830 675 2910 inrita
704 2831 802 2911 dices
831 2829 992 2910 faciesve
1022 2832 1199 2926 llinerra;

318 2952 363 3014 Tu
382 2937 426 2998 -’
442 2950 478 3014 V.
506 2953 546 3013 To
565 2969 644 3014 vero.
667 2951 751 3014 Aood.
774 2951 807 3015 L.
830 2950 863 3014 P.
886 2949 1055 3014 illno-
1069 2953 1116 3022 To,
1139 2953 1270 3033 inquam.
1293 2953 1368 3015 Phil.
1393 2955 1456 3018 Sec.
1470 2951 1558 3014 XXll.

274 3049 327 3112 53.
350 3083 391 3096 -—
415 3051 455 3112 To
476 3067 528 3130 pro
548 3057 600 3110 tua
620 3049 786 3129 prudentia.
808 3048 899 3129 Epist.
921 3083 962 3095 -
982 3065 1074 3112 urum
1096 3083 1136 3094 -
1156 3048 1190 3111 V.
1215 3051 1265 3129 qui
1288 3052 1360 3112 nibil
1380 3053 1466 3125 dicit,
1489 3051 1559 3110 nihii

276 3149 366 3228 fucit,
389 3148 460 3210 nibil
481 3148 587 3225 cogitat
606 3146 731 3226 denique
762 3145 820 3207 nisi
849 3145 973 3208 libenter
995 3165 1028 3206 ac
1048 3147 1140 3209 iibere.
1163 3147 1264 3209 Porod.
1299 3146 1396 3220 Quint.
1420 3145 1496 3207 iet.
1518 3177 1558 3190 -

276 3263 386 3308 rnvrru
406 3279 446 3291 —
466 3243 501 3307 V.
524 3251 716 3324 repugnante.
739 3243 780 3306 lle
799 3243 881 3306 Proo.
917 3241 995 3306 Coos.
1029 3241 1143 3305 XX.ll.
1166 3278 1206 3314 ,-
1226 3244 1396 3306 adversante
1425 3250 1453 3304 et
1473 3260 1559 3322 repu-

277 3349 394 3420 gnante.
417 3342 458 3405 lie
483 3339 536 3423 Off.
560 3341 592 3403 L.
615 3340 649 3403 Τ.
673 3338 853 3402 lllX.T8.-
872 3358 967 3404 mous
987 3375 1028 3386 -
1048 3339 1082 3408 V.
1106 3341 1142 3402 ad
1163 3344 1304 3405 dicendum
1324 3342 1460 3404 omnibus
1480 3343 1561 3419 inge-

277 3441 345 3500 nuis
366 3437 480 3498 artibus
500 3439 662 3498 instructus
683 3438 846 3498 accesserit.
869 3436 910 3499 be
933 3435 1009 3499 Orat.
1033 3438 1065 3500 L.
1089 3438 1121 3502 P.
1138 3437 1265 3502 xvlne.
1288 3473 1329 3486 ·-
1348 3439 1557 3502 moechiis.

276 3533 417 3596 XXV.58.
439 3533 557 3595 -Nou
578 3532 662 3594 modo
683 3532 713 3594 id
733 3551 792 3594 non
812 3536 901 3606 dioec,
924 3535 975 3597 sed
995 3555 1032 3598 ne
1053 3535 1126 3598 illud
1140 3537 1258 3618 quidem
1273 3538 1327 3599 tihi
1340 3541 1430 3600 dicere
1450 3537 1557 3600 licebit.

276 3632 309 3694 Io
335 3631 412 3694 Verr.
435 3631 500 3694 Act.
524 3632 588 3696 See.
623 3629 808 3709 Lxxunm.
831 3667 873 3682 -
892 3649 985 3698 mous
1017 3651 1175 3699 ruomsvn
1206 3669 1247 3682 -
1276 3633 1311 3698 V.
1335 3617 1435 3716 quiet
1458 3638 1559 3716 smeret

273 3747 390 3812 eemper
411 3731 475 3791 eius
496 3728 575 3790 modi
605 3727 715 3810 aliquid
735 3736 764 3790 et
784 3731 894 3793 diceet.
927 3730 1002 3792 Phil.
1026 3731 1089 3795 Sec.
1116 3729 1291 3793 -XXXll.80.
1320 3731 1444 3794 -Non
1474 3729 1559 3794 modo

276 3825 393 3888 nullum
414 3827 521 3905 somnae
551 3825 640 3886 huius
670 3825 877 3906 protulerunt,
900 3825 950 3888 sed
971 3845 1008 3888 ne
1029 3830 1131 3889 dietum
1161 3828 1279 3909 quidem
1311 3827 1427 3910 aliquod
1459 3847 1557 3910 repre-

240 3979 242 3986 .
278 3921 457 3984 henderunt.
480 3923 536 3984 Pro
556 3921 636 3985 Foot.
658 3921 799 3986 XVll.ltl.
821 3957 862 3970 ·-
881 3932 998 4008 propter
1019 3928 1187 4007 ancipitem,
1203 3947 1277 4008 quae
1298 3947 1356 3990 non
1371 3934 1477 4008 postest
1495 3945 1580 3989 esse.

276 4021 419 4096 seiuncta,
434 4021 554 4099 faciendi
564 4022 719 4100 dicendique
729 4021 909 4102 sapientiam.
925 4021 966 4084 lie
983 4021 1059 4107 Oroi.
1070 4023 1102 4088 L.
1112 4024 1145 4087 T.
1159 4023 1286 4089 xvluo.
1299 4059 1341 4072 -
1353 4023 1410 4098 Qui
1421 4045 1466 4102 ea,
1482 4043 1556 4105 quae

275 4118 410 4198 sedebant
430 4135 562 4197 quaeque
583 4119 712 4195 dicebant,
727 4118 910 4181 multitudini
930 4122 1058 4184 iucunda
1072 4121 1206 4184 volebant
1220 4140 1293 4200 esse,
1310 4123 1481 4204 populares;
1504 4121 1556 4200 qui

273 4222 375 4278 autem
389 4216 429 4276 ita
440 4233 471 4276 se
481 4215 631 4293 gerebant,
647 4223 680 4277 ut
693 4233 746 4277 sua
760 4217 879 4278 consilia
890 4219 996 4298 optimo
1007 4219 1112 4300 cuique
1123 4219 1291 4302 probarent,
1303 4223 1454 4303 optimates
1466 4217 1555 4280 habe

274 4311 394 4375 bantur.
416 4312 473 4374 Pro
494 4309 562 4374 Sese.
578 4310 714 4376 XLV.96.
735 4348 776 4362 -
796 4313 831 4390 R.
854 4314 953 4398 Neque
974 4318 1052 4380 enirn
1073 4319 1175 4382 attinet
1194 4326 1307 4382 notcroe
1327 4335 1481 4400 repopoore
1501 4333 1554 4379 noe

309 4566 346 4640 (t)
368 4568 438 4628 Vide
456 4586 570 4632 versus:
591 4569 875 4634 ccum-colunt.
