3572 5444
773 513 823 568 .··
845 477 956 546 171...

166 679 170 682 ·
225 649 274 711 dl.
297 682 337 702 -μ
357 647 383 706 Α
400 639 493 706 ‘simili
522 647 610 706 etiam
641 652 758 722 mente,
781 647 858 706 vocis
879 646 930 726 qui
960 644 1135 708 videbantur
1166 647 1275 710 induiti
1301 649 1385 726 soni,
1410 651 1510 728 paucis

224 747 294 807 notis
315 745 439 805 inventis
470 751 541 802 sunt*
570 759 669 803 omnes
700 744 800 820 siponti
826 749 854 803 et
885 745 1023 822 expressi.
1047 743 1087 805 De
1108 743 1148 804 Rc
1169 743 1237 806 Proh.
1262 745 1294 808 L.
1318 745 1351 808 T.
1375 745 1447 808 ll.3.
1471 781 1511 794 -
1611 757 1615 763 “

224 859 411 905 rnnusnuru
431 875 472 886 -·
492 837 526 902 V.
549 841 694 920 praesenti.
717 837 759 901 De
778 841 854 900 domo
885 859 942 902 sno.
976 839 1064 908 Vll.
1087 855 1130 888 -·
1148 843 1259 902 recenti
1280 861 1313 902 ac
1334 861 1418 905 nova.
1453 843 1518 906 Pro.

219 937 504 1002 -Fluoc.Vl.13.-
523 956 607 1000 nora
627 951 667 983 -'-
686 936 721 999 V.
745 943 824 998 certa
855 936 904 997 illa
925 945 997 999 noto.
1030 937 1114 1002 deod.
1138 939 1171 1002 L.
1196 939 1259 1004 Sec.
1292 939 1433 1002 xxiiii.
1455 973 1509 986 .,‚„
1628 967 1633 979 -

225 1039 309 1118 quasi
339 1034 480 1115 quaedam
509 1043 571 1102 nolo
602 1035 760 1096 servitude
783 1034 816 1094 ln
841 1033 918 1096 Vero.
951 1033 1015 1096 Act.
1047 1037 1109 1104 Soc.
1133 1035 1166 1120 L.
1189 1033 1289 1106 Quint.
1323 1035 1438 1098 XX.5l.
1466 1069 1519 1111 ···.,

226 1121 304 1194 o'erta
324 1139 353 1193 et
373 1133 488 1212 propria
508 1140 579 1194 nolo.
603 1131 686 1194 Aeod.
710 1132 742 1192 L.
767 1132 830 1195 Sec.
853 1130 957 1194 XL35.
980 1167 1021 1178 -
1040 1133 1101 1194 U.
1124 1133 1192 1212 quia
1214 1139 1282 1193 sunt
1304 1133 1393 1197 verba
1413 1153 1511 1204 reorum

175 1223 179 1230 ’
224 1239 310 1292 rotae.
324 1229 584 1310 ltaquehocidem
596 1228 764 1291 Aristoteles
783 1239 919 1310 eoppa-ior.
935 1227 1069 1310 appellat,
1082 1229 1158 1308 quod
1170 1230 1271 1292 Latine
1282 1237 1324 1292 est
1345 1239 1417 1292 noto.
1440 1232 1509 1310 Top.
1529 1281 1532 1289 .

223 1326 712 1390 Vlll.35.-=srusnrum...1uora
731 1361 771 1372 --
791 1326 826 1389 V.
849 1335 979 1388 nototnnc.
1003 1325 1034 1387 ln
1061 1325 1149 1387 Von'n.
1171 1325 1285 1403 huso.
1308 1361 1350 1374 --
1370 1327 1507 1406 pluribus

223 1411 519 1488 notctrcmvooabulisr
533 1423 648 1485 Dch'n.
662 1425 694 1486 L.
718 1423 751 1486 T.
774 1423 875 1487 lull.
888 1423 1044 1494 —melius
1064 1423 1235 1484 haecoocoto
1247 1431 1315 1486 sunt
1333 1423 1433 1500 perbis
1454 1425 1510 1485 La-

174 1557 175 1561 =
222 1524 292 1606 linis
312 1541 400 1601 quam
414 1521 541 1582 Graecis.
559 1521 636 1582 Taso.
659 1521 692 1582 L.
715 1521 748 1582 T.
762 1521 850 1584 iile.
862 1520 1021 1584 -habere
1042 1521 1125 1600 quasi
1145 1523 1222 1598 sipon
1243 1528 1270 1582 ct
1290 1529 1376 1597 notos,
1400 1521 1508 1602 quibus

172 1623 173 1628 ’
219 1612 283 1694 'eos
305 1619 357 1696 qui
377 1617 413 1677 ad
425 1619 580 1678 amicitiam
598 1621 696 1679 essent
718 1619 824 1696 idonei,
848 1618 1022 1680 iudicarent.
1045 1616 1196 1692 DeAmie.
1219 1616 1360 1680 illins.
1376 1651 1417 1664 —·
1431 1620 1510 1695 sipon

224 1720 252 1774 et
285 1722 359 1773 notos
389 1713 579 1778 ostenderem.
602 1714 643 1776 Dc
662 1713 742 1778 'Orod
767 1716 887 1780 L.Seo.
909 1713 1056 1778 nullm.
1085 1748 1126 1760 -
1146 1715 1177 1774 in
1198 1732 1231 1775 eo
1260 1721 1369 1791 autem,
1397 1716 1422 1774 si
1451 1716 1510 1776 erit
1538 1698 1547 1712 ⁴

224 1813 415 1872 communitas
426 1830 493 1871 oum
504 1811 585 1890 falso,
599 1811 715 1872 nullum
729 1815 784 1874 erit
806 1813 959 1890 iudicium,
972 1813 1040 1891 quia
1051 1813 1202 1892 proprium
1212 1813 1244 1872 m
1260 1813 1408 1872 communi
1429 1813 1509 1888 sipoo

185 1921 189 1924 ·
223 1909 491 1987 notonuonpotest.
514 1907 598 1971 Accd.
611 1909 644 1971 L.
658 1911 721 1972 Sec.
734 1909 837 1970 hisi.
860 1945 900 1955 —
920 1925 1108 1970 unocunuan
1129 1942 1170 1952 —
1189 1907 1224 1970 V.
1242 1907 1306 1969 Nan
1322 1910 1400 1969 enim
1412 1907 1506 1968 solum

224 2005 354 2066 acuenda
375 2004 458 2064 nohis
479 2023 573 2084 neque
593 2007 763 2083 procudenda
783 2005 884 2087 lingua
905 2011 958 2080 est,
981 2005 1031 2064 sed
1052 2004 1232 2064 onerandum
1245 2003 1505 2084 complendumque

222 2107 323 2179 pectus
343 2102 539 2185 maximarum
559 2121 654 2162 rerum
675 2107 702 2162 et
723 2101 919 2180 plurimarum
947 2101 1106 2176 suavitate,
1137 2101 1272 2180 cupiaac
1293 2102 1441 2162 varietate.
1466 2100 1507 2160 De
1585 2127 1588 2130 ·

226 2193 302 2258 Oroi.
326 2197 358 2260 L.
383 2197 415 2259 T.
439 2197 598 2258 XXXALl.
621 2231 662 2242 -
682 2217 805 2260 noman.
829 2233 869 2242 -
889 2196 924 2258 V.
947 2215 1042 2256 nomen
1063 2198 1197 2277 imponis.
1229 2197 1270 2257 De
1297 2197 1361 2258 Fc'n.
1386 2197 1418 2260 L.
1443 2197 1505 2260 See.

189 2287 191 2292 ’
221 2291 376 2354 illinis.
399 2327 440 2337 —
460 2295 612 2354 nominihus
631 2295 732 2354 notooo't
752 2295 836 2355 nouis.
860 2293 929 2354 lhc'd.
954 2293 986 2353 L.
1010 2293 1043 2354 T.
1067 2292 1137 2353 lin.
1160 2327 1201 2338 -
1228 2294 1339 2352 nomino
1358 2301 1507 2372 tamquam

221 2409 316 2450 rernm
335 2399 410 2451 notos
431 2398 630 2453 mutaverunt.
654 2391 722 2452 Ihid.
746 2391 778 2453 L.
802 2389 901 2462 Quint.
924 2389 1063 2452 illvm.
1086 2423 1125 2435 -
1147 2407 1163 2448 o
1184 2397 1300 2470 turpem
1321 2399 1414 2450 oolam*
1435 2398 1509 2450 tem-

213 2481 327 2564 'parurn
347 2503 443 2544 nomen
463 2486 598 2548 illorum!
622 2487 662 2549 De
677 2487 730 2568 Off.
754 2488 787 2550 L.
811 2487 844 2548 T.
867 2486 1021 2548 XVlll.ld.
1055 2489 1232 2566 ——proprio
1262 2489 1368 2564 siponto
1398 2489 1507 2548 nornine

224 2587 277 2640 esi.
305 2579 381 2643 Oroi.
404 2581 532 2644 illisa.
652 2623 655 2632 .

324 2787 511 2859 VERSUS
536 2787 902 2860 DUCENTESIMUS
927 2743 1146 2860 DECIMUSv
1161 2789 1323 2862 NONUS
1349 2789 1360 2879 (
1385 2792 1406 2882 ).

330 3003 517 3103 Soriiieqis
548 3026 614 3084 non
643 3008 837 3104 discrepuit
866 3007 1044 3086 sententia
1074 3007 1227 3103 Delphis.

262 3124 449 3187 Soarrnuers
470 3159 510 3170 -
531 3124 565 3188 V.
589 3125 674 3186 Nunc
696 3125 744 3184 illa
766 3123 903 3202 testabor,
927 3144 985 3186 non
1013 3143 1060 3186 me
1080 3127 1216 3202 sortilepos
1245 3144 1339 3204 neque
1360 3143 1429 3201 em,
1453 3127 1504 3204 qui
1575 3129 1579 3136 ⁴

221 3229 358 3299 quaestus
380 3241 467 3282 causa
487 3222 670 3284 hariolantur
692 3243 729 3284 ne
750 3224 967 3304 psychomantia
988 3222 1117 3302 quidem,
1130 3223 1236 3303 quibus
1257 3223 1368 3303 Appius
1389 3225 1500 3284 amicus

220 3325 289 3378 tuus
321 3321 365 3379 uti
396 3319 525 3396 solebat,
548 3339 713 3398 agnoscere.
738 3321 778 3381 Dc
809 3321 929 3383 Diuinae.
954 3322 986 3385 L.
1010 3321 1042 3384 P.
1067 3321 1238 3384 nlullan.
1261 3355 1302 3367 --
1322 3339 1448 3398 augures
1469 3321 1503 3381 'et

219 3417 365 3493 sortilepos.
389 3417 457 3478 Ihc'd.
481 3419 513 3481 L.
537 3419 600 3482 Sec.
630 3419 782 3482 illisos.
812 3453 852 3464 -
873 3418 908 3482 R.
942 3417 1031 3480 sons
1063 3425 1171 3479 restani
1194 3425 1221 3478 et
1250 3417 1385 3479 Chaldaei
1413 3425 1445 3477 ul
1467 3417 1503 3477 ad

217 3520 298 3573 vates
318 3516 470 3576 veniamus
490 3522 517 3576 et
538 3517 574 3576 ad
595 3519 717 3597 somnia.
741 3517 901 3577 Dicendum
921 3502 1011 3594 igitur
1032 3523 1116 3596 putas
1137 3516 1172 3578 dc
1192 3517 1316 3577 sortihcn.
1331 3514 1404 3586 Quid
1425 3515 1503 3575 enim

216 3626 274 3670 sors
295 3615 359 3674 esti
380 3605 459 3673 idem
481 3605 691 3694 propemodum
709 3614 786 3694 quod
807 3616 926 3690 micare,
939 3613 1026 3692 quod
1047 3613 1119 3672 talos
1140 3615 1246 3688 iacere,
1266 3611 1342 3691 quod
1364 3618 1499 3685 tesseraS,
1607 3654 1611 3658 -

218 3707 325 3784 quihus
346 3711 376 3768 in
397 3709 485 3770 rebus
516 3713 665 3772 temeritas
685 3718 713 3771 et
734 3729 840 3788 casus,
863 3729 921 3770 non
943 3711 1017 3769 ratio
1042 3728 1096 3770 nee
1127 3709 1280 3768 consilium
1311 3706 1397 3770 valet.
1432 3706 1502 3765 Tota

218 3816 266 3860 res
287 3808 329 3859 est
350 3803 466 3864 inventa
486 3806 606 3868 fallaciis
628 3815 678 3868 aut
699 3807 909 3886 adquaestum
930 3813 981 3866 aut
1002 3805 1038 3865 ad
1059 3806 1270 3884 superstiouem
1292 3809 1342 3862 aut
1360 3801 1399 3862 ad
1421 3819 1502 3862 erro-

218 3911 292 3956 rem.
315 3897 382 3960 llic.
405 3898 530 3962 XLl.8l.
562 3938 602 3948 -
629 3924 663 3964 ex
685 3905 824 3984 portentis
852 3910 879 3962 et
907 3903 1044 3988 monstris
1075 3899 1190 3978 Sphilloe
1220 3901 1380 3976 interpretes
1411 3899 1500 3959 haru-

217 3992 344 4070 spicesve
365 4004 552 4060 monuerunt.
576 3999 615 4059 Dc
643 4001 706 4063 Not.
727 3999 808 4060 Deor.
833 3998 865 4061 L.
889 3997 922 4061 T.
945 3998 1016 4060 ll.5.
1039 4031 1079 4042 -
1099 4015 1164 4058 ron
1192 4013 1381 4058 pascuarum
1403 4031 1442 4042 -—
1462 3996 1497 4057 V.

216 4089 419 4170 interpresque
439 4103 481 4154 est
502 4097 607 4156 mentis
628 4097 719 4156 oratio
740 4095 836 4156 verbis
857 4097 1022 4173 discrepans,
1034 4095 1172 4154 sententiis
1194 4111 1367 4170 congruens,
1380 4092 1421 4153 lle
1432 4093 1496 4170 Lep.

216 4185 249 4249 L.
272 4187 305 4250 P.
329 4188 418 4252 X.30.
441 4225 481 4236 -
500 4195 711 4273 nediscrepore
732 4193 848 4273 quidem
869 4193 1022 4254 videantur
1044 4193 1120 4253 inter
1141 4210 1181 4258 se.
1205 4190 1246 4252 De
1266 4189 1367 4251 locent.
1385 4191 1417 4253 L.
1433 4191 1498 4254 Sec.
1565 4179 1567 4184 ’

216 4283 313 4350 XLIX.
339 4287 409 4348 lii.
431 4323 471 4334 -—
502 4308 689 4354 ursonnrurr
722 4310 900 4356 sunrnnrm
933 4327 973 4338 -
1004 4289 1038 4354 V.
1062 4289 1134 4352 Nam
1161 4287 1234 4350 illud
1268 4289 1386 4368 ipsum,
1421 4285 1498 4365 quod

221 4541 488 4560 Μ

257 4617 291 4689 (p
311 4615 386 4687 vioe,
407 4618 430 4671 si
448 4617 522 4690 inec,
543 4637 653 4676 versus:
675 4620 877 4677 amn-anui.
