3572 5444
832 400 1009 506 ..gq-

287 603 327 616 -
348 569 382 632 R.
405 571 439 631 ud
460 586 572 634 renam.
602 570 658 632 Pro
678 569 753 633 Mur.
787 571 948 634 xxxvm.
971 605 1013 618 -
1032 573 1183 636 Scatonem
1215 573 1320 650 illum,
1345 574 1490 644 hominem
1511 595 1562 638 sua

288 669 396 729 virtute
424 676 568 746 egentem.
591 668 631 730 lle
651 671 809 732 dormine.
839 669 1008 733 xttvnto.
1041 703 1082 718 -
1112 669 1187 743 Quid
1219 672 1288 734 huic
1319 671 1399 736 abest
1431 674 1487 734 nisi
1517 691 1563 736 res

280 767 314 826 ¹et
347 767 464 828 virtus?
494 765 534 828 lle
568 763 645 828 Oret.
669 766 701 829 L.
732 767 795 831 Sec.
830 765 985 828 hiltimot.
1008 767 1223 832 -Hominem
1254 769 1434 844 ridiculum,
1462 770 1562 849 quise

287 863 366 924 exire
387 881 454 924 aero
473 862 567 924 alieno
588 869 669 944 putet
688 881 780 944 posse.
804 865 878 927 Ptu'l.
901 865 935 927 D.
958 866 990 928 P.
1014 864 1115 928 Vl.l3.
1141 901 1182 912 —
1202 866 1237 929 U.
1261 869 1357 948 precio
1377 886 1411 930 ac
1431 868 1564 932 mercede

285 965 427 1030 docerem,
449 979 525 1042 quae
545 962 743 1023 sordidissima
764 972 807 1024 est
829 963 877 1024 illa
898 962 1016 1044 quidem
1038 965 1160 1026 ratioet
1182 966 1414 1045 inquinatissima
1441 974 1469 1028 et
1494 966 1560 1034 his.

286 1061 389 1140 quiea
411 1067 560 1136 tenentur,
583 1068 611 1120 et
631 1059 707 1136 illis,
730 1062 781 1140 qui
802 1061 838 1122 ad
859 1081 923 1122 earn
945 1051 1100 1139 coningere
1122 1071 1275 1126 conantur.
1299 1063 1339 1124 lle
1363 1061 1416 1144 Off.
1440 1064 1472 1126 1..
1497 1065 1560 1126 Sec.

284 1155 385 1220 viat.
408 1189 448 1202 -
471 1175 603 1220 annuum
623 1189 664 1204 -·
683 1155 717 1218 V.
741 1159 861 1236 plenam.
884 1159 924 1220 lle
955 1157 1031 1221 Orat.
1055 1159 1087 1222 L.
1111 1159 1142 1220 P.
1167 1159 1296 1222 xillae.
1319 1193 1359 1206 -
1380 1159 1415 1222 R.
1439 1179 1491 1240 pro
1513 1168 1561 1222 tua

284 1255 388 1314 eximia
420 1252 593 1316 liberalitate
614 1255 805 1335 maximisque
826 1256 983 1318 beneficiis.
1007 1256 1061 1318 Pro
1082 1256 1173 1318 Flucc.
1203 1256 1379 1320 XlllllV.85.
1401 1258 1563 1338 -ltaque

283 1351 439 1412 hilaritatis
467 1353 578 1431 plenum
608 1353 750 1414 indicium
775 1373 808 1414 ao
828 1355 947 1416 loetitiae
966 1355 1032 1417 luit.
1056 1355 1096 1415 lle
1120 1353 1196 1416 Oret.
1221 1355 1253 1416 L.
1276 1354 1492 1420 utilitato.
1522 1389 1562 1401 —-

285 1467 334 1529 spe
364 1449 537 1527 largitionis.
561 1449 603 1510 Dc
623 1448 676 1532 Off.
707 1449 739 1512 L.
763 1452 827 1514 Sec.
861 1450 962 1513 vtae.
997 1485 1039 1496 -
1068 1451 1141 1512 Nam
1173 1460 1201 1512 et
1232 1451 1280 1514 ille
1312 1453 1389 1532 apud
1420 1452 1561 1514 Trabeam

286 1550 294 1578 ‘
317 1546 492 1628 voluptatem
513 1549 604 1608 animi
625 1549 746 1610 nimiam
770 1548 776 1570 '
800 1549 932 1609 laetitiam
952 1548 1033 1625 dicit,
1050 1549 1181 1610 eamdem
1196 1568 1284 1629 quam
1299 1548 1347 1609 ille
1369 1549 1559 1626 Caecilianus

282 1647 333 1724 qui
355 1647 364 1680 ⁴
387 1643 522 1706 omnibus
542 1645 654 1706 laetitiis
673 1647 773 1707 meacm
795 1645 802 1666 ’
827 1663 940 1706 essese
962 1653 1074 1708 narrat.
1098 1646 1138 1708 lle
1157 1639 1223 1709 'ma
1248 1647 1280 1709 L.
1304 1648 1367 1712 Sec.
1392 1646 1509 1726 lvlo„

284 1833 469 1906 VERSUS
494 1833 1020 1914 QUADRINGENTESIMUS
1051 1833 1476 1917 QUINQUAGESIMUS
1500 1835 1511 1924 (
1536 1837 1556 1926 ).

388 2011 462 2092 fiet
488 2013 732 2107 Aristarchus,
761 2033 826 2095 nec
855 2012 964 2094 ticet:
1000 2042 1019 2086 «
1049 2012 1117 2094 cur
1146 2019 1215 2114 'eqo
1244 2015 1391 2096 amicum

321 2133 395 2195 lirar
415 2167 456 2182 «-
476 2130 510 2196 V.
533 2135 600 2195 erit.
623 2134 664 2194 lle
686 2131 763 2196 Orat.
787 2134 819 2196 L.
843 2134 875 2196 P.
899 2132 1032 2196 innota
1055 2167 1095 2180 -
1114 2136 1170 2213 fiet.
1204 2134 1272 2196 lbe'd.
1297 2136 1328 2196 L.
1352 2134 1384 2196 Τ.
1418 2131 1558 2196 litlot.

279 2267 322 2280 -
340 2234 365 2294 si
384 2231 501 2312 qnando
521 2231 578 2309 fiat.
594 2227 662 2292 ibid.
680 2232 712 2294 L.
729 2232 793 2296 Sec.
810 2231 1004 2296 txxxtaao.
1020 2265 1061 2276 -
1073 2247 1314 2306 misnensium,
1330 2263 1370 2276 -
1383 2230 1418 2294 R.
1436 2234 1561 2292 maxime

278 2348 391 2393 censor.
407 2330 474 2393 lbid.
491 2328 700 2408 lX.38.-qui
710 2327 877 2389 esthabitus
889 2326 975 2387 iudex
987 2327 1100 2388 durior.
1114 2326 1154 2388 Dc
1166 2327 1231 2391 Pto.
1249 2328 1281 2391 L.
1299 2329 1362 2392 Sec.
1377 2326 1507 2390 lixae.
1519 2360 1558 2374 --

279 2427 327 2488 llll
342 2425 427 2488 Flllll
440 2425 550 2488 BONA.
566 2424 606 2487 lle
623 2423 676 2506 Off.
693 2425 725 2485 L.
742 2423 775 2485 T.
793 2422 905 2485 ittet.
922 2455 962 2469 -
976 2421 1012 2484 U.
1026 2421 1102 2496 Quid
1114 2423 1226 2488 multa‘l
1241 2425 1344 2488 Totum
1356 2425 1436 2486 hunc
1447 2425 1556 2500 locum,

278 2541 365 2606 quem
386 2541 438 2602 ego
452 2525 532 2584 varie
552 2524 625 2583 meis
645 2520 836 2596 orationibus,
852 2539 979 2601 quarum
994 2528 1026 2582 tu
1040 2521 1215 2584 dricmrcbac
1229 2540 1270 2599 es,
1287 2522 1363 2584 soleo
1377 2525 1507 2604 pingere,
1523 2525 1559 2586 de

279 2625 408 2700 damma,
423 2623 459 2683 de
479 2621 557 2682 ferro
576 2653 617 2668 -
631 2621 707 2680 nosti
720 2619 785 2680 illas
803 2628 941 2699 aquatica<
954 2653 994 2668 ·-
1008 2619 1091 2682 valde
1101 2621 1228 2698 graviter
1240 2623 1395 2702 pertexuit.
1412 2622 1502 2700 Epist.
1519 2657 1558 2668 -

279 2721 315 2782 Ut
329 2721 407 2782 enirn
422 2717 595 2780 Arhtarchae
610 2715 729 2778 Homeri
749 2736 854 2780 omnam
875 2725 971 2795 negat,
994 2737 1081 2798 quern
1102 2736 1161 2779 non
1183 2717 1296 2798 probat,
1319 2720 1361 2779 sic
1375 2725 1408 2779 tu
1427 2752 1468 2766 -
1488 2717 1559 2782 libet

277 2820 356 2878 enim
376 2817 450 2877 mihi
469 2815 560 2875 iocari
579 2848 620 2860 -
639 2815 717 2895 quod
737 2815 881 2878 disertum
902 2834 961 2876 non
982 2818 1059 2891 erit,
1089 2834 1125 2876 ne
1150 2818 1263 2896 putaris
1294 2834 1404 2878 meum.
1427 2816 1495 2878 lbid.
1517 2849 1558 2862 -

277 2913 414 2996 quoniam
436 2921 464 2975 te
485 2931 543 2974 non
563 2913 772 2984 Aristarchum,
799 2914 849 2974 sed
880 2913 1030 2976 Phalarim
1061 2915 1282 2990 grammaticum
1315 2913 1478 2991 habemus,
1507 2916 1557 2994 qui

277 3033 335 3074 non
355 3021 446 3074 aotam
465 3031 585 3091 apportat
603 3013 638 3073 cd
656 3013 758 3073 cadam
777 3031 901 3081 versum,
924 3013 973 3074 sed
1003 3016 1114 3092 potitam
1146 3012 1236 3071 armis
1264 3029 1458 3091 persequare,
1482 3013 1555 3070 scire

276 3113 361 3192 cupio
381 3109 452 3190 quid
472 3110 589 3171 tandem
611 3111 641 3169 in
662 3111 716 3170 isto
746 3130 824 3170 ocrea
854 3112 1044 3189 reprehendor.
1068 3108 1099 3169 ln
1119 3109 1178 3170 Pis.
1212 3107 1349 3170 XXX.73.
1372 3140 1412 3152 -
1432 3122 1494 3167 nno
1515 3138 1554 3150 -

279 3209 311 3272 V.
334 3209 391 3273 Neo
410 3225 490 3270 vero.
513 3207 553 3268 lle
577 3205 630 3287 Off.
654 3207 686 3268 L.
710 3206 742 3267 P.
766 3205 912 3270 XLLllb.
935 3239 975 3251 -
996 3222 1058 3267 nno
1080 3223 1189 3268 omar:
1216 3205 1304 3267 -V.
1328 3223 1395 3266 nam
1415 3203 1469 3264 hoo
1486 3203 1555 3264 dicct

277 3306 393 3387 aliquis.
425 3305 526 3368 Porod.
560 3304 593 3368 T.
628 3303 718 3368 liat.
752 3337 793 3349 —-
823 3303 902 3364 Dicet
932 3303 1055 3382 aliquis:
1089 3302 1165 3376 Quid
1196 3322 1265 3380 ergo
1296 3305 1327 3362 in
1359 3303 1412 3362 hoc
1432 3299 1553 3361 Verrem

277 3403 489 3484 reprehendis‘.l
516 3402 547 3462 lo
574 3400 650 3463 Vera.
681 3400 745 3462 Act.
778 3401 840 3463 Sec.
871 3400 903 3460 L.
935 3401 997 3464 Sec.
1024 3399 1125 3462 ΧΧΙΙΙ.
1159 3401 1209 3461 57.
1236 3398 1394 3474 -Quid,
1417 3399 1442 3457 si
1463 3397 1554 3470 haec,

186 3521 189 3528 ·
277 3519 351 3580 quae
371 3503 448 3569 dico,
480 3499 571 3578 ipsius
602 3498 684 3558 amici
716 3497 938 3578 defensoresque
969 3497 1160 3560 iudicarunt?
1191 3495 1261 3576 quid
1293 3495 1417 3575 amplius
1447 3493 1556 3555 valtis‘l

277 3597 344 3660 lbid.
368 3597 400 3658 L.
423 3595 457 3657 T.
480 3593 612 3657 Lunae.
641 3593 737 3656 -R.
761 3597 954 3674 nequeenim
986 3595 1129 3674 disputari
1160 3595 1222 3654 sine
1253 3592 1478 3670 reprehensione
1508 3611 1557 3652 neo

277 3713 344 3758 cum
364 3693 518 3756 iracundia
539 3700 590 3754 aut
611 3694 770 3773 pertinacia
792 3701 869 3756 recte
890 3693 1034 3772 disputari
1055 3697 1157 3772 potest.
1174 3690 1214 3752 De
1227 3690 1291 3751 Pia.
1316 3688 1348 3749 L.
1372 3687 1404 3750 P.
1422 3685 1551 3748 villas.

276 3828 318 3841 -
337 3794 470 3871 Magnam
492 3799 589 3853 antem
611 3795 723 3872 partem
744 3791 880 3854 clementi
911 3791 1096 3867 castigatione
1118 3788 1259 3863 liminii,
1287 3787 1427 3864 gravitate
1459 3791 1555 3846 tamen

277 3891 425 3966 adiuncta,
449 3898 481 3951 ut
502 3889 640 3952 severitas
661 3888 835 3951 adhibeatur
856 3896 884 3950 et
905 3886 1079 3952 contumelio
1094 3885 1263 3972 repellatur,
1280 3893 1366 3966 atque
1381 3885 1466 3945 etiam
1481 3881 1555 3942 illud

279 3991 388 4069 ipsum,
399 3988 477 4068 quod
488 3987 653 4050 acerbitatis
664 3987 751 4048 habet
761 3986 936 4066 obiurgatio,
948 3985 1172 4065 significandum
1183 3993 1226 4048 est
1246 3987 1337 4066 ipsius
1351 3983 1380 4042 id
1395 4001 1493 4056 causa,
1505 3981 1556 4060 qui

278 4086 462 4162 obiurgetur,
474 4103 536 4146 esse
550 4093 727 4165 susceptum.
739 4084 780 4146 lle
793 4082 847 4166 Off.
864 4085 896 4147 L.
910 4086 941 4147 P.
955 4083 1178 4148 xxxvlnaor.
1193 4117 1234 4130 -·
1246 4102 1262 4143 a
1274 4083 1377 4156 Parva,
1390 4080 1495 4158 inquit,
1509 4095 1555 4140 res

278 4193 331 4247 est:
342 4203 358 4246 a
370 4191 399 4245 at
413 4200 519 4260 magna
533 4182 628 4262 culpa.
645 4182 702 4246 Nec
716 4184 793 4243 enim
809 4189 923 4262 peccata
938 4201 1039 4244 rerum
1050 4189 1167 4258 eventu,
1181 4181 1230 4242 sed
1243 4180 1319 4240 vitiis
1330 4179 1481 4240 hominum
1495 4191 1555 4234 me-

278 4284 374 4345 tienda
388 4287 468 4342 sunt.
491 4279 591 4340 Parod.
615 4279 648 4341 T.
671 4279 748 4340 tao.
764 4278 892 4340 —nihil
913 4285 955 4339 est
976 4279 1053 4340 enim
1074 4280 1102 4340 ei
1115 4277 1245 4342 veritatis
1258 4277 1317 4338 tace
1330 4273 1456 4342 dulcius.
1469 4271 1552 4334 deod.

278 4381 310 4441 L.
323 4383 386 4445 Sec.
409 4377 497 4442 xer.
519 4411 560 4424 -
580 4376 662 4440 Cadit
682 4394 751 4454 ergo
772 4378 802 4436 in
822 4378 913 4438 viram
933 4377 1028 4439 bonum
1049 4379 1160 4440 martiri
1181 4374 1368 4440 emolumenti
1388 4373 1435 4434 sui
1455 4387 1553 4444 causa,

280 4534 545 4550 w·

315 4594 351 4682 tl)
369 4595 439 4650 Vide
457 4613 569 4655 versus:
590 4591 998 4654 comittit-ccclxxxvii.
