3572 5444
776 468 955 538 ..a-1...

213 646 308 724 pauci
328 643 396 704 deos
417 643 565 723 propitios,
590 639 720 721 plerique
741 645 838 700 autem
859 641 943 700 iratos
963 637 1118 718 putabunt.
1134 637 1190 698 Pro
1212 635 1284 700 oca.
1301 634 1441 699 xviim.
1464 669 1504 684 -

213 759 292 804 nom
311 775 353 788 -
372 737 407 802 V.
440 741 517 800 dum.
547 738 587 799 De
620 735 673 820 Off.
707 737 739 800 L.
772 738 836 801 Sec.
858 734 986 814 illlata
1018 769 1059 781 -
1089 752 1240 798 susumus
1271 767 1312 782 --·
1344 733 1376 797 V.
1409 733 1503 795 sertor

212 838 270 899 ille
302 838 420 918 quidem
451 836 566 898 leuitate
596 834 792 897 matinatella
821 835 885 899 Not.
919 833 1000 895 Ileor.
1038 832 1070 896 L.
1108 833 1171 896 Sec.
1205 831 1362 896 XLVIII.
1394 866 1436 880 -
1466 831 1501 894 R.

216 933 321 1008 Quint
356 935 439 996 clatus
469 933 518 994 ille
548 933 663 994 levitate
693 931 832 1010 inanique
862 929 971 992 laetitia
1001 929 1150 991 exsultans
1181 936 1208 990 et
1239 935 1349 990 temere
1379 930 1503 1006 gestiens

219 1049 321 1094 nonne
350 1038 431 1092 tanto
461 1031 595 1090 miserior
625 1036 734 1110 quanto
753 1028 811 1089 sibi
840 1027 956 1089 videtur
987 1027 1119 1091 beatior?
1144 1028 1224 1089 Tuae.
1254 1027 1286 1090 L.
1319 1025 1419 1099 Quint.
1452 1023 1501 1088 VI.

221 1128 275 1191 26.
307 1163 347 1176 -—
376 1127 419 1188 illi
449 1127 595 1204 uiderint,
628 1128 679 1206 qui
710 1128 773 1187 eius
803 1127 875 1186 artis
906 1125 1096 1202 adrogantia,
1128 1126 1212 1204 quasi
1242 1123 1413 1185 difficillima
1444 1125 1501 1198 sit,

221 1227 264 1286 ita
294 1226 401 1286 mbotui
430 1223 592 1286 ambulant.
625 1223 663 1284 oe
696 1221 772 1287 Orat.
807 1223 839 1284 L.
869 1221 901 1284 P.
935 1221 1107 1286 Lvlssnta.
1139 1257 1181 1268 —-
1206 1239 1329 1289 anesus
1359 1255 1400 1268 -
1430 1239 1505 1283 sem·

224 1341 276 1405 per
305 1321 428 1384 Graecos
457 1341 557 1384 amcos.
590 1321 631 1382 lle
664 1319 717 1402 Off.
740 1321 773 1383 L.
803 1319 836 1382 Τ.
859 1319 986 1383 xillae.
1009 1353 1050 1366 -·-
1074 1319 1108 1382 V.
1137 1319 1255 1384 Sibillae
1285 1339 1376 1380 ceretu
1407 1318 1505 1380 obser·

221 1439 345 1498 varnos,
367 1437 439 1500 quos
469 1419 520 1479 illa
550 1420 646 1498 furcae
671 1416 781 1478 fudisse
812 1417 930 1480 dicitur.
963 1417 1004 1478 De
1035 1415 1156 1480 Dioioot.
1191 1417 1224 1480 L.
1258 1418 1322 1480 Sec.
1356 1414 1502 1480 LIV.ll0.

222 1550 263 1565 -
282 1535 448 1581 noornrun
467 1541 510 1560 -ι
527 1513 563 1576 V.
595 1531 682 1594 quem
713 1531 766 1592 ego
794 1521 945 1576 ructantem
965 1522 993 1575 et
1018 1521 1207 1576 nauseantem
1232 1516 1342 1576 conieci
1372 1515 1407 1575 in·
1436 1512 1505 1576 Cae-

223 1616 298 1674 saris
328 1611 489 1673 Octaviani·
507 1609 616 1692 plagas.
646 1613 735 1691 Epist.
768 1645 809 1657 -
838 1629 961 1675 vorsus
978 1629 1160 1675 -auorarua
1189 1645 1231 1658 —
1260 1611 1296 1675 ll.
1329 1611 1431 1673 solitus
1462 1619 1505 1673 ost

223 1729 313 1771 ccccm
343 1711 526 1770 hexametros
556 1709 684 1788 aliosque
713 1711 805 1770 variis
835 1709 928 1770 modis
959 1716 1045 1789 atque
1076 1711 1209 1771 numeris
1239 1711 1354 1788 suadere
1384 1729 1418 1769 cc
1438 1718 1505 1770 tecc-

225 1825 301 1886 porc.
333 1807 374 1868 lle
407 1803 483 1869 Oret.
506 1807 538 1868 L.
562 1805 595 1868 Τ.
625 1807 657 1870 L.
689 1807 758 1869 lat.
788 1839 830 1852 —
859 1825 951 1887 quum
972 1807 1099 1868 litteram
1120 1808 1283 1887 scripsisset
1301 1805 1425 1870 nullam.
1448 1807 1504 1869 Pro

225 1903 308 1966 Accb.
341 1903 470 1966 villan
493 1937 533 1950 -
553 1918 682 1980 namur,
702 1937 743 1950 -
765 1903 797 1966 V.
820 1913 904 1966 mrut.
939 1905 978 1964 lle
1008 1903 1073 1967 Flo.
1100 1904 1133 1966 L.
1167 1907 1230 1970 Sec.
1263 1905 1347 1966 lile.
1381 1937 1421 1951 -
1452 1905 1505 1966 Εν-

225 2004 295 2062 cavit
325 2001 370 2062 vel
386 2001 506 2081 ·potius
525 2003 674 2066 insanivit.
697 2001 729 2060 Ia
754 2001 831 2062 Vcrc.
865 2001 930 2062 Act.
954 2001 1017 2064 See.
1038 2003 1070 2064 L.
1101 2001 1134 2064 T.
1165 1999 1362 2064 XLVlll.ll3.
1384 2034 1426 2050 --
1446 2020 1505 2062 non

225 2117 343 2178 possum
364 2099 552 2174 existimare,
575 2105 676 2159 utrum
698 2099 759 2178 ipse
779 2106 851 2158 erret
871 2116 909 2159 an
937 2116 987 2158 vos
1014 2099 1046 2158 iu
1073 2117 1193 2160 emerem
1221 2097 1328 2160 ducere
1346 2098 1426 2161 uelit.
1449 2099 1505 2160 Pro

225 2196 304 2258 Foat.
336 2193 744 2272 1.a.-vagatur‚voluat
775 2203 808 2256 ut
839 2187 902 2256 ror.
936 2195 1010 2258 Pbtl.
1044 2196 1078 2256 D.
1101 2195 1134 2259 P.
1158 2195 1229 2258 ll.ti.
1263 2231 1305 2242 -
1333 2199 1429 2276 surore
1460 2198 1506 2258 in-

223 2294 337 2369 stictus‚
359 2291 467 2352 scelere
488 2309 635 2372 praecepa.
658 2291 698 2352 lle
718 2290 803 2353 Domo
823 2312 881 2354 coc.
905 2291 1036 2355 LVIII.
1059 2310 1255 2374 —praeceps
1283 2295 1420 2376 amentia.
1449 2295 1505 2357 Pro

225 2389 285 2452 lllc'l.
307 2389 460 2451 XXXI.85.
483 2423 524 2435 -
545 2389 645 2470 Itaque
674 2389 755 2450 nullo
775 2391 806 2450 in
828 2390 931 2470 oppido
962 2390 1138 2451 consistendi
1169 2397 1292 2470 potestas
1313 2393 1340 2452 ei
1360 2392 1426 2454 tuit.
1449 2393 1505 2454 Pro

228 2485 332 2548 Cleant.
365 2486 562 2550 LXVlll.lt)3.
584 2520 625 2533 -
645 2486 680 2550 Il.
704 2489 782 2548 sitIm
813 2507 967 2568 quaerens,
1002 2487 1079 2550 Haec
1109 2489 1187 2550 enlm
1208 2490 1236 2550 ei
1256 2508 1342 2550 causa
1374 2508 1436 2551 esse
1456 2489 1506 2552 de·

226 2582 371 2646 clamandi
391 2582 472 2646 solet.
495 2584 571 2646 Plec'l.
594 2583 694 2656 Quint.
718 2584 833 2648 virne.
856 2621 897 2632 -
917 2604 1040 2650 vnnsus
1072 2603 1239 2650 nonnarum
1265 2606 1306 2648 nr
1326 2607 1444 2664 nanno,
1465 2623 1506 2636 —

227 2678 262 2744 U.
285 2700 400 2746 samma
420 2701 489 2744 voce
509 2702 599 2744 acram
620 2702 679 2744 ono
699 2685 806 2764 spiritu
827 2685 1018 2764 pronuntiare
1038 2684 1255 2762 consuescebat,
1271 2703 1366 2764 neque
1385 2687 1411 2746 Is
1438 2703 1506 2746 con-

225 2780 330 2843 sistens
351 2782 381 2840 ln
402 2780 485 2857 loco,
508 2781 558 2841 sed
580 2780 777 2844 inambulans.
800 2781 840 2844 De
864 2780 940 2846 Orot.
970 2783 1003 2846 L.
1034 2783 1067 2848 P.
1098 2782 1276 2846 Lxlaool.
1302 2817 1344 2829 —
1363 2786 1506 2864 qualeae

225 2875 426 3034 {biuuTrgatione
446 2885 497 2939 aut
517 2897 574 2958 quo
595 2879 691 2958 potius
711 2880 840 2942 convicio
860 2899 876 2940 a
898 2887 978 2942 tanto
998 2897 1091 2942 acore
1112 2899 1199 2942 coner
1225 2879 1371 2944 avellere‘.l
1392 2880 1432 2942 Ile
1449 2879 1502 2963 Off.

253 3019 259 3032 .
309 3019 316 3034 .
339 2972 467 3036 xillae.

771 3165 958 3238 VERSUS

275 3284 796 3366 QUADRINGENTESIMUS
822 3289 1151 3364 SEXAGESIMUS
1182 3289 1365 3364 PRIMUS
1395 3291 1407 3383 t
1432 3293 1453 3385 ).

331 3462 369 3542 Si
397 3465 498 3545 curet
527 3464 605 3564 quis
634 3484 736 3564 ocem
763 3469 862 3549 terre
891 3471 927 3551 ct
954 3468 1139 3551 dominere
1162 3471 1289 3565 ionem,

265 3583 369 3648 Cossu
388 3616 434 3631 -
449 3582 484 3646 V.
508 3592 590 3662 rogat
621 3593 654 3648 ut
675 3595 760 3651 acra.
783 3587 840 3650 Pro
860 3587 977 3662 Quinct.
1011 3589 1100 3656 ute.
1122 3589 1326 3654 -exclamat
1356 3609 1387 3654 se
1413 3589 1450 3653 ab
1470 3611 1504 3654 oo

224 3681 296 3743 amb
316 3683 392 3744 cudo
411 3681 476 3744 velle
496 3682 600 3745 curam.
623 3680 679 3744 Pro
702 3681 806 3748 Clucat.
830 3683 958 3750 xlvao.
983 3721 1024 3736 -
1044 3686 1080 3751 R.
1107 3689 1271 3750 vicinorum
1291 3687 1379 3750 tidem
1400 3688 1503 3770 Implo-

225 3784 303 3838 rant:
335 3777 420 3839 multi
453 3787 551 3842 autem
572 3787 642 3842 sunt
672 3782 724 3862 qui
755 3784 852 3844 statim
883 3777 1044 3848 maculent.
1078 3785 1156 3848 l'ucc.
1190 3785 1223 3848 L.
1255 3784 1288 3848 Τ.
1311 3784 1440 3850 ΧΧΙ.50.
1463 3819 1504 3835 -

228 3873 260 3936 Sc
280 3887 382 3934 ooanr
403 3888 475 3944 oors
496 3909 536 3922 -
556 3875 591 3941 R.
615 3875 691 3940 Huic
711 3877 869 3942 subvenire
896 3879 958 3943 vult
990 3880 1192 3944 succumbenti
1223 3884 1281 3944 iam
1295 3889 1324 3944 et
1354 3901 1501 3966 oppresso.

226 3967 267 4030 De
286 3969 351 4047 Ley.
373 3969 441 4048 Aac.
465 3968 545 4033 Orat.
568 3973 601 4035 P.
623 3973 777 4040 xxvlae.
800 4009 841 4022 -
861 3977 981 4039 sortasse
1001 3987 1137 4042 cemuscct.
1160 3979 1235 4042 Pto.
1267 3979 1331 4043 Sec.
1347 3979 1501 4044 XXIXII.

226 4065 378 4138 -Quem
399 4069 542 4148 aequitate
563 4069 691 4132 humana
712 4074 790 4134 tueri
811 4093 870 4134 non
901 4081 1004 4156 potest,
1034 4075 1131 4138 diuina
1163 4076 1302 4154 religione
1330 4075 1501 4142 defenderit.

225 4163 265 4225 lle
285 4166 360 4226 domo
380 4183 437 4226 eoo.
461 4163 507 4227 La
528 4199 569 4212 -
589 4184 676 4230 orsu
696 4203 738 4216 -
759 4168 791 4233 V.
819 4169 904 4250 Opem
925 4180 953 4234 et
974 4172 1128 4236 auxilium.
1150 4173 1220 4238 loto.
1244 4173 1333 4238 XII.
1355 4210 1396 4223 -
1416 4195 1504 4240 onom

226 4279 332 4322 nnana
354 4295 395 4307 -
415 4260 449 4324 V.
473 4262 639 4326 subvenire.
673 4267 756 4329 Accu.
790 4268 822 4333 L.
850 4271 913 4334 Sec.
944 4269 1070 4334 livua.
1102 4307 1143 4319 -
1163 4274 1304 4352 opitulati.
1330 4274 1385 4336 Pro
1416 4273 1501 4336 Acclc.

223 4357 282 4438 l.t.
304 4393 346 4405 -
365 4377 457 4440 quum
490 4360 525 4422 de
556 4362 692 4425 omnibus
723 4367 858 4443 gentibus
889 4369 996 4450 optirne
1026 4388 1191 4448 mererere,
1227 4389 1329 4452 quom,
1350 4387 1428 4451 opem
1458 4371 1503 4430 in-

226 4563 505 4578 -nn——n——n—

259 4615 294 4688 (t)
312 4610 385 4674 Vide'
400 4635 516 4680 versus:
534 4620 649 4679 XXXV.
669 4651 704 4666 -·
723 4622 844 4681 XCVIII.
865 4653 901 4667 -
920 4625 1055 4686 CCCXCI.
