3572 5444
758 463 936 538 *db-

198 641 373 719 criminari,
396 643 582 722 praeripere,
605 641 720 719 fodere?
740 638 818 702 Nihil
840 639 965 718 proiecto
986 638 1095 698 minus.
1112 635 1162 698 Est
1182 655 1251 714 ergo
1272 636 1331 698 ulia
1353 654 1400 700 res
1415 629 1487 698 tanti

199 749 254 800 aut
276 737 464 801 commodum
486 737 580 798 allum
603 745 661 798 tarn
681 735 895 816 expetendum,
920 741 952 795 ut
972 736 1026 795 oiri
1048 736 1108 796 boni
1129 743 1157 796 et
1178 733 1360 815 splendorem
1377 743 1416 808 et
1437 753 1488 796 no-

200 837 433 898 menamittas‘?
454 833 530 908 Quid
551 842 593 895 est
613 834 690 914 quod
711 833 825 894 adferre
845 839 960 894 tanturn
975 833 1062 912 possit
1079 831 1188 892 utilitas
1202 833 1257 893 ista
1276 851 1351 912 quae
1366 833 1486 907 dIcitur,

201 943 351 1014 quantun
383 933 520 1010 auferre,
543 935 568 992 si
588 933 649 992 bord
669 932 724 992 oiri
745 949 850 992 nomen
872 931 1034 1010 erIpuerit,
1058 929 1144 991 fidem
1166 931 1365 1009 iustitiamque
1391 929 1488 992 detra-

203 1036 306 1096 xerit?
336 1029 734 1114 neop.1..I¹.xx.81-a.
767 1063 807 1074 -
837 1028 912 1090 Huic
944 1031 1033 1106 igitur
1064 1029 1214 1098 virobono,
1246 1047 1333 1108 quem
1359 1027 1488 1088 Fimbria

204 1133 310 1206 etiam,
332 1149 389 1190 non
410 1129 494 1190 modo
515 1130 646 1192 Socrates
667 1134 797 1203 noverat,
820 1126 1006 1186 nullomodo
1027 1126 1119 1188 videri
1142 1133 1232 1206 potest
1252 1125 1411 1206 quidquam
1426 1142 1488 1186 esse

205 1229 282 1290 utile
302 1226 377 1308 quod
398 1245 455 1287 non
476 1225 630 1286 honestum
652 1227 700 1286 sit.
724 1225 824 1304 Itaque
844 1223 910 1284 talis
931 1225 976 1284 vir
997 1241 1055 1284 non
1077 1223 1160 1284 ruodo
1180 1223 1297 1300 iacere,
1327 1225 1371 1284 sed
1390 1242 1424 1282 oe
1445 1242 1489 1282 co-

203 1329 295 1403 pitorc
324 1327 432 1404 quidem
461 1324 567 1385 audebit
586 1325 654 1401 quod
683 1341 737 1382 ooo
767 1323 862 1382 oedem
892 1324 1060 1399 praedicere.
1083 1317 1151 1382 Ibid.
1175 1321 1302 1383 xiim.
1325 1353 1366 1366 -
1387 1341 1403 1381 a
1426 1337 1488 1382 cun

203 1455 248 1469 -
268 1423 304 1485 V.
327 1421 383 1484 Gur
403 1423 505 1499 igitur,
528 1423 659 1499 inquam.
683 1417 724 1480 Dc
744 1419 808 1480 Fia.
826 1419 858 1479 L.
876 1419 938 1482 Sao.
962 1417 1047 1481 lile.
1063 1418 1187 1497 -quid
1202 1425 1245 1478 est
1259 1437 1308 1478 cor
1322 1435 1424 1479 verear
1439 1435 1486 1479 ne.

203 1517 274 1582 ibid.
305 1521 337 1580 L.
360 1519 393 1580 P.
416 1517 505 1579 xm.
527 1549 568 1562 -
589 1535 606 1577 a
627 1533 690 1579 cua
717 1518 780 1578 boo
802 1533 931 1578 amioum
956 1549 998 1562 —
1018 1515 1053 1576 R.
1077 1515 1117 1576 De
1138 1517 1254 1592 ingenio
1285 1516 1347 1576 eius
1379 1517 1409 1574 in
1441 1515 1487 1576 his
1534 1543 1547 1554 ·

205 1615 464 1694 disputationibus,
487 1633 545 1675 non
566 1614 602 1674 de
623 1613 754 1676 moribus
785 1615 949 1694 quaeritur.
973 1615 1016 1677 Sit
1038 1615 1090 1675 ista
1113 1615 1144 1674 in
1165 1612 1342 1674 Graecorum
1368 1613 1483 1674 levitate

208 1713 403 1792 perversitas,
426 1713 477 1792 qui
498 1709 657 1772 maledictis
688 1713 868 1772 insectantur
900 1729 969 1787 eos,
992 1729 1008 1771 a
1033 1710 1140 1790 quibus
1162 1710 1197 1771 de
1219 1712 1340 1772 veritate
1371 1710 1484 1770 dissen-

208 1809 297 1870 tiunt.
330 1808 369 1870 De
399 1809 463 1871 Fid.
487 1809 519 1871 L.
543 1810 605 1872 Sec.
639 1806 778 1870 xxveo
801 1841 841 1852 -
862 1805 897 1868 U.
932 1807 1035 1868 Nullae
1066 1809 1138 1869 istae
1163 1809 1363 1870 excusationes
1395 1813 1485 1868 sunt:

209 1924 227 1965 a
259 1906 339 1968 Meus
369 1908 472 1968 amicus
501 1913 555 1968 est.
589 1925 606 1966 n
639 1905 714 1968 uait.
748 1903 847 1976 Quint.
882 1905 952 1966 ILb.
984 1938 1025 1951 ·-
1056 1905 1173 1968 Molesta
1202 1909 1331 1983 ueritas,
1365 1909 1390 1968 si
1424 1909 1489 1992 qui-

209 2003 276 2063 dem
296 2021 332 2064 eu
353 2021 386 2064 ea
407 2005 538 2064 nascitur
569 2003 689 2076 odium,
712 2002 789 2081 quod
810 2009 853 2060 ost
873 2020 1017 2062 venenum
1050 2003 1213 2080 amicitiae,
1236 2003 1286 2064 sed
1317 2003 1487 2084 obsequium

207 2099 301 2160 multo
320 2099 489 2177 molestiuS,
512 2099 589 2179 quod
609 2100 728 2178 peccatis
748 2099 887 2176 indulgeas
908 2100 1088 2177 praecipitem
1118 2101 1238 2160 omicam
1257 2102 1328 2179 scari
1349 2103 1426 2162 sinit.
1449 2101 1489 2162 be

207 2197 298 2260 Amic.
321 2195 472 2260 XXIV.89.
488 2231 529 2244 -
550 2213 679 2260 nuruum
699 2229 740 2242 -
763 2195 796 2258 U.
821 2197 871 2259 Sin
893 2196 979 2255 istius
1008 2198 1133 2257 amicitia
1152 2205 1180 2256 te
1201 2197 1341 2278 impedit,
1365 2200 1390 2258 si
1411 2199 1486 2276 boc,

207 2297 283 2374 quod
305 2295 356 2356 abs
377 2303 405 2357 tc
426 2293 551 2376 postulo,
578 2295 676 2354 minus
697 2293 734 2354 ad
755 2293 883 2354 officium
906 2300 989 2353 tuum
1012 2295 1157 2372 pertinere
1174 2293 1366 2372 arbbrabere,
1390 2314 1489 2356 succe·

208 2393 274 2454 dam
295 2395 490 2470 eporicarius
510 2401 580 2454 tuus
602 2400 651 2452 tuo
672 2393 801 2466 muneri,
825 2391 980 2470 suscipiam
1002 2397 1110 2470 partos,
1133 2409 1205 2470 quas
1229 2392 1338 2453 alienas
1358 2411 1489 2454 esse-ar-

165 2553 169 2565 ,
208 2489 350 2550 bitrabar.
374 2489 406 2549 In
431 2489 507 2550 Verr.
531 2489 596 2552 Act.
620 2491 683 2554 Sco.
707 2489 739 2551 L.
763 2487 865 2561 Quart.
888 2485 1080 2550 XXXVII.8I.
1104 2523 1145 2535 -
1165 2507 1202 2550 nn
1223 2492 1342 2550 ornicum
1356 2489 1490 2550 laedendi

208 2603 270 2646 esse
291 2585 451 2666 cupidum?
472 2585 540 2646 Ibid.
563 2585 595 2648 L.
619 2585 802 2649 abilinae.
818 2620 859 2632 —
873 2587 944 2647 haec
958 2585 1048 2646 levior
1063 2593 1105 2646 est
1120 2587 1202 2666 plaga
1217 2586 1254 2647 ab
1268 2589 1354 2648 amico
1369 2606 1456 2668 quam
1472 2607 1486 2648 a

207 2682 347 2746 debitore.
370 2683 460 2762 Epist.
482 2716 523 2728 -
542 2683 692 2744 interdum
713 2685 800 2744 etiam
821 2683 1037 2760 obiurgationes
1051 2685 1081 2744 in
1095 2686 1228 2746 amicitiis
1238 2686 1335 2762 vigent
1350 2687 1486 2748 maxime.

207 2779 248 2840 De
271 2778 324 2862 Off.
341 2780 373 2843 L.
390 2780 422 2840 P.
439 2779 579 2843 nullas.
595 2813 635 2826 --
649 2781 674 2840 si
687 2781 770 2842 index
783 2781 900 2860 quidem
915 2783 970 2842 erit
985 2782 1020 2843 de
1035 2783 1096 2862 ipso
1109 2784 1206 2846 amieo.
1219 2781 1287 2847 ibid.
1301 2782 1334 2844 L.
1347 2781 1381 2844 Τ.
1395 2781 1484 2846 X.I3.

757 2917 944 2988 VERSUS

209 3037 732 3120 QUADRINGENTESIMUS
766 3039 1187 3120 QUINQUAGESIMUS
1217 3034 1400 3118 PRIMUS
1427 3045 1439 3138 (
1464 3045 1486 3136 ).

314 3188 496 3270 uidendam
525 3191 556 3268 in
586 3191 719 3290 nonis?
749 3219 766 3263 »
802 3189 876 3270 Hae
907 3207 1023 3291 nopae
1052 3193 1153 3272 seria
1182 3194 1310 3276 ducent

247 3309 427 3374 brunonia
446 3345 487 3354 -
507 3308 541 3372 II.
564 3309 720 3394 Nunquam
752 3308 835 3374 illum
857 3333 893 3373 ne
914 3315 944 3374 io
965 3315 1080 3374 ininimo
1110 3313 1228 3394 quidem
1256 3335 1286 3375 re
1306 3317 1414 3396 offendi.
1448 3317 1487 3377 De

206 3406 297 3472 Amic.
319 3405 506 3472 xxviima.
528 3442 568 3453 -
581 3427 635 3470 nec
648 3408 732 3488 illud,
748 3407 824 3491 quod
839 3413 955 3494 offendit,
972 3419 1022 3472 aut
1034 3433 1082 3473 cor
1093 3420 1144 3474 aut
1164 3413 1263 3492 inquo
1277 3413 1391 3494 offendat
1404 3413 1488 3476 intel—

206 3504 279 3582 ligit.
297 3503 373 3570 Oroi.
396 3505 516 3570 LI.I'I3.
538 3541 579 3552 -
600 3505 634 3569 R.
657 3505 759 3568 Parcet
779 3515 807 3568 et
827 3510 957 3570 amicitiis
978 3515 1006 3571 et
1026 3509 1227 3588 dignitatibus
1250 3509 1351 3572 vitabit
1372 3509 1488 3573 insana·

207 3597 279 3660 biles
299 3600 499 3664 contumelias.
522 3600 589 3663 Ibid.
613 3599 765 3664 XXVI.89.
788 3637 829 3649 -
849 3601 884 3664 U.
908 3605 1156 3684 animadvertant,
1184 3627 1275 3687 quum
1297 3609 1397 3672 iuvare
1416 3604 1486 3670 alios

206 3695 317 3774 veiint,
339 3717 468 3780 nequas
489 3701 632 3782 offendent.
655 3699 695 3762 iic
720 3698 773 3782 Off.
797 3701 829 3760 L.
854 3701 916 3764 Sec.
939 3699 1067 3767 xixus.
1089 3705 1282 3766 —homines
1303 3706 1333 3767 id
1361 3726 1413 3767 sua
1435 3727 1487 3768 au·
1613 3757 1614 3772 .

207 3795 338 3854 ctoritate
358 3797 545 3874 comprobare
566 3817 603 3859 an
624 3799 756 3880 offendere
777 3799 807 3857 in
828 3795 864 3858 iis
885 3801 1063 3862 consuerint.
1080 3801 1120 3862 De
1134 3802 1235 3863 Inueni.
1252 3799 1285 3864 L.
1308 3802 1341 3864 P.
1357 3801 1483 3867 XXVIII.

206 3889 256 3951 43.
278 3925 320 3936 -
339 3911 373 3954 m
394 3897 510 3957 nume?
533 3916 549 3956 u
571 3931 611 3944 -
631 3881 666 3958 i.
688 3898 718 3958 io
740 3897 846 3976 parvis.
869 3897 910 3957 De
930 3897 994 3959 Fio.
1018 3897 1050 3960 L.
1073 3897 1106 3958 Τ.
1129 3897 1217 3961 vm.
1239 3933 1280 3945 -
1306 3901 1336 3960 ia
1356 3902 1486 3962 minImis

207 3985 307 4050 rebus,
329 3988 413 4051 Acori.
436 3991 469 4052 L.
494 3991 556 4054 Sec.
579 3991 693 4055 Xxna.
715 4027 756 4038 -
775 3995 806 4053 in
827 3995 956 4054 minimis
977 3997 1212 4076 tenuissimisque
1227 3996 1325 4061 rebus.
1342 3998 1382 4060 De
1406 3997 1482 4062 Oroi.

206 4085 239 4147 L.
263 4085 295 4147 P.
318 4085 529 4150 xxxvllncu.
552 4123 592 4134 —
615 4087 648 4153 U.
676 4085 818 4170 Equidem
849 4093 880 4152 ic
911 4093 1034 4152 minimis
1064 4093 1141 4154 rebus
1172 4112 1255 4175 saepe
1287 4113 1334 4156 res
1365 4114 1484 4174 magnas

205 4182 286 4260 vidi,
319 4183 450 4262 iudices,
484 4186 662 4266 deprehendi
683 4205 716 4248 ac
737 4189 840 4250 teneri.
874 4189 930 4250 Pro
961 4189 1052 4254 Ftoco.
1085 4187 1212 4256 xviam
1234 4227 1275 4240 --
1295 4193 1369 4256 Nom
1390 4213 1484 4274 neque

205 4284 297 4359 porois
317 4285 348 4344 io
368 4285 445 4344 roboc
476 4284 656 4346 adhibendae
677 4293 747 4347 sunt
772 4289 821 4348 boe
842 4287 957 4349 dicendi
978 4288 1053 4350 Iaces
1084 4308 1178 4370 neque
1206 4292 1246 4352 ita
1267 4293 1402 4352 animatis
1433 4293 1484 4351 bo-

205 4377 346 4456 minibus
371 4389 402 4442 ut
423 4381 497 4442 nihii
518 4383 554 4444 ad
575 4401 677 4444 eorum
698 4391 809 4446 mentes
830 4387 959 4446 oratione
981 4387 1136 4450 flectendas
1157 4389 1297 4468 proficere
1325 4389 1480 4470 possimus,

204 4487 241 4536 ne
261 4485 312 4540 aut
332 4480 463 4541 irrisione
483 4487 534 4542 aut
554 4483 613 4544 odio
634 4483 715 4560 digni
736 4489 873 4562 putemur
905 4486 979 4545 sicui
1011 4485 1174 4562 tragoedias
1204 4503 1325 4562 agamus
1351 4488 1383 4546 io
1403 4489 1483 4564 napis

241 4669 275 4742 (i)
294 4669 363 4728 Vide
381 4691 492 4734 versus:
512 4675 1178 4738 ccxxvi-ccxcviln-oouxln-coxxxvl.
