3572 5444
812 425 991 496 -28-

270 601 358 663 multi
378 606 508 661 oratores
527 599 626 676 magni
646 596 673 658 el
694 595 766 658 olari
777 595 898 656 suerunt
917 603 946 655 et
966 601 1052 656 antea
1065 593 1247 656 fuerantnec
1261 599 1358 672 postea
1372 591 1552 658 deiecerunt.

270 697 367 771 Quare
387 717 446 759 non
466 704 584 759 osteor
604 713 729 771 eorum,
751 695 804 773 qui
824 711 855 753 se
875 692 972 753 studio
992 691 1174 770 eloquentiae
1203 689 1400 766 dediderunt,
1422 709 1488 771 spos
1506 693 1552 753 lo-

269 795 416 872 sringatur
436 802 489 856 aut
508 794 675 871 languescat
706 791 862 852 industria.
885 790 954 851 ibid.
977 788 1109 850 l-ll.5-b.
1131 821 1171 834 -
1190 805 1293 851 sauss
1312 821 1354 833 -
1372 786 1408 850 V.
1429 795 1551 850 ‘nutum

268 894 351 959 obest.
381 894 464 956 Brut.
494 891 656 955 xnllasb.
685 921 728 938 «-
753 895 896 969 quantum
926 887 994 948 obsit
1014 905 1031 947 a
1051 902 1176 948 summo.
1209 885 1277 947 ibid.
1311 883 1480 948 Lxlvatt.
1512 901 1554 932 -·-'-

269 991 339 1052 obest
358 1010 375 1052 a
395 1009 521 1054 summo.
558 991 635 1052 Ture.
659 989 691 1050 L.
705 989 778 1051 'Sec
801 985 929 1047 xlxtt.
951 1019 993 1030 -
1012 981 1088 1056 Quid
1112 985 1191 1044 enim
1223 985 1293 1044 obest
1323 983 1393 1043 huie
1418 983 1550 1060 homini,

268 1087 346 1167 quod
367 1089 393 1148 si
413 1087 615 1164 adesset,iure
635 1085 744 1147 haecei
757 1083 848 1145 tribui
868 1089 897 1143 et
918 1083 1025 1143 concedi
1037 1083 1231 1161 putaremus?
1245 1077 1301 1142 Pro
1316 1075 1393 1141 Bato.
1414 1077 1497 1141 Ivi).
1511 1110 1552 1125 —

268 1183 306 1245 ah
327 1186 435 1265 optimo
455 1192 552 1246 tamen
572 1185 680 1246 obeaet.
702 1182 743 1245 lle
763 1182 829 1260 Lep.
852 1181 884 1242 L.
908 1179 941 1242 P.
964 1178 1036 1240 ll.'l.
1057 1211 1098 1224 -
1118 1178 1186 1238 obsit
1206 1176 1383 1254 longissime.
1404 1176 1489 1238 Acad.
1516 1176 1549 1238 L.

269 1283 333 1346 see.
357 1281 523 1344 x1.36.-
541 1281 650 1342 indicat
670 1288 767 1341 tamen
798 1286 941 1358 quantum
961 1277 1028 1337 ebrit
1049 1293 1065 1336 a
1086 1291 1211 1337 summo.
1233 1273 1316 1336 Brut.
1350 1273 1483 1336 tutes.
1512 1308 1552 1320 -

268 1380 347 1442 Abest
367 1381 454 1440 etiam
474 1398 565 1442 nune.
593 1381 659 1459 l'op.
682 1378 731 1440 lll.
754 1377 804 1438 29.
827 1411 867 1422 -
887 1376 957 1436 ebert
977 1373 1014 1434 ab
1035 1392 1068 1434 ea
1088 1373 1234 1454 distatque
1247 1371 1420 1452 plurimum.
1441 1371 1483 1434 lle
1495 1369 1548 1452 011.

268 1478 302 1539 L.
324 1477 358 1538 T.
381 1475 522 1540 xviim.
536 1511 578 1522 -
590 1475 616 1538 R
630 1475 728 1538 Unum
750 1481 793 1536 est
814 1481 911 1535 autem
933 1491 1025 1550 genus
1046 1471 1176 1552 perlecti,
1192 1489 1280 1551 aquo
1300 1470 1352 1550 qui
1371 1471 1472 1539 obsunt
1493 1487 1552 1530 non

268 1591 375 1652 genere
407 1573 567 1650 differunt,
591 1581 624 1634 ut
644 1573 798 1634 Terentius
819 1571 855 1631 ab
876 1571 984 1646 Accio,
1007 1570 1110 1630 sedin
1131 1569 1231 1630 eodem
1262 1586 1369 1646 genere
1397 1585 1456 1628 non
1483 1574 1552 1628 sunt

268 1690 363 1752 pares,
388 1671 430 1733 De
453 1670 517 1751 Opt.
543 1669 610 1733 Gen.
637 1669 713 1732 Oret.
737 1669 794 1730 Ι.3.
816 1703 856 1713 -
877 1667 995 1728 Dnohus
1016 1667 1107 1744 igitur
1128 1667 1263 1743 summis,
1285 1663 1395 1727 Gracco
1414 1673 1443 1727 et
1462 1663 1552 1726 Anto

267 1770 327 1845 nio,
349 1769 383 1831 L.
405 1768 556 1849 Philippus
575 1769 726 1850 proximus
755 1764 928 1841 accedebat,
951 1767 996 1826 sed
1015 1765 1092 1842 longo
1112 1765 1251 1825 intervallo
1277 1773 1368 1824 temer
1395 1765 1549 1844 praeimus.

268 1865 368 1946 ltaque
389 1885 469 1943 eum,
492 1868 546 1926 etsi
566 1883 651 1926 nemo
670 1863 879 1940 intercedebat,
902 1863 1004 1942 quise
1025 1861 1068 1921 illi
1089 1852 1256 1948 anteierget,
1276 1871 1370 1940 neque
1389 1860 1550 1920 secundum

253 1972 357 2024 -temen
377 1983 471 2044 neque
492 1965 611 2024 tertium
640 1963 776 2024 dixerim.
799 1962 858 2024 Nee
878 1962 956 2022 enim
977 1961 1008 2020 in
1029 1957 1179 2040 quadrigis
1209 1978 1277 2020 eum
1308 1958 1469 2020 secundum
1494 1975 1551 2018 nu-

267 2063 445 2122 meraverim
465 2067 517 2123 ant
536 2062 678 2138 tertium,
698 2043 752 2141 qui
773 2061 820 2120 vir
841 2079 857 2120 e
877 2057 1046 2119 carceribus
1062 2059 1202 2142 exierit,
1233 2075 1325 2136 quum
1347 2055 1471 2138 palmam
1492 2056 1551 2117 iam

266 2160 380 2237 primus
402 2160 565 2238 acceperit,
588 2177 642 2219 nee
662 2160 693 2218 in
715 2156 907 2233 cursorIbus,
929 2157 981 2236 qni
1001 2162 1116 2216 tantum
1137 2155 1204 2215 obsit
1226 2174 1242 2214 a
1263 2156 1368 2234 primo,
1398 2155 1446 2216 vix
1467 2161 1500 2214 ut
1519 2155 1551 2216 in

266 2255 368 2316 eodem
399 2255 547 2318 curriculo
567 2274 629 2316 esse
649 2255 794 2316 rideatur.
818 2253 871 2316 Sed
891 2261 979 2313 tomen
1010 2258 1094 2313 erant
1115 2270 1149 2312 ea
1170 2251 1203 2312 in
1230 2250 1382 2331 Philippo,
1405 2269 1481 2331 quae
1500 2252 1551 2332 qui

267 2353 330 2420 sine
351 2353 563 2433 comparatione
583 2351 702 2413 illorum
723 2356 885 2432 spectaret,
908 2353 973 2410 sotis
993 2369 1090 2427 magere
1110 2351 1230 2411 diceret.
1252 2349 1334 2412 Rrot.
1365 2347 1548 2412 xstittta.
1606 2335 1611 2344 ’

264 2450 428 2530 -procul
449 2452 519 2511 obeat
540 2458 628 2512 tomen
649 2448 685 2509 ab
706 2467 739 2509 eo
760 2449 834 2524 viro,
857 2466 944 2527 quem
972 2449 1142 2528 quaerimus
1163 2455 1192 2508 et
1212 2465 1300 2528 quem
1329 2453 1477 2508 auctorem
1498 2466 1551 2528 pu-

267 2533 336 2608 blici
357 2547 469 2608 consilii
489 2555 517 2608 et
539 2545 683 2624 regendae
713 2545 837 2606 civitafis
859 2545 963 2605 ducem
985 2552 1014 2605 et
1034 2546 1194 2606 sententiae
1214 2551 1243 2606 et
1263 2543 1445 2624 eloquentiae
1469 2546 1550 2626 prin·

266 2645 360 2724 cipem
382 2646 413 2704 in
433 2649 558 2720 senatu,
580 2645 612 2702 in
632 2641 747 2722 populo,
769 2641 800 2702 in
821 2643 917 2704 causis
938 2641 1062 2722 publicis
1083 2660 1145 2702 esse
1175 2639 1321 2703 volumus.
1344 2641 1384 2702 lle
1408 2640 1484 2704 Orat.
1513 2641 1547 2704 L.

265 2741 300 2802 Τ.
323 2739 464 2802 xviima.
485 2775 527 2786 —
546 2759 681 2800 vmrurn
701 2769 743 2787 -=
762 2737 797 2800 V.
810 2742 919 2801 virtute.
953 2739 994 2800 De
1019 2738 1096 2802 Orat.
1120 2739 1152 2802 L.
1176 2739 1209 2802 P.
1224 2739 1357 2801 xnma.
1378 2773 1419 2785 -
1440 2739 1476 2802 U.
1498 2739 1548 2800 Est

266 2837 345 2896 enim
376 2835 539 2916 eloquentia
559 2855 618 2896 una
639 2835 781 2916 quaedam
802 2835 838 2896 de
859 2837 983 2896 summis
1015 2835 1168 2910 virtutibus.
1197 2835 1266 2898 ibid.
1298 2835 1330 2898 L.
1357 2835 1391 2899 Τ.
1420 2829 1544 2898 ΧΝ.55.

266 2961 308 2976 --
328 2933 436 2994 Stoicos
462 2939 571 3010 autem,
593 2951 665 3013 quos
694 2925 815 2994 minime
846 2932 989 3012 improbo,
1023 2931 1137 2994 dimitto
1167 2941 1265 2994 tamen
1293 2952 1348 2994 nee
1379 2951 1426 2995 eos
1458 2935 1546 2994 iratos

267 3047 380 3107 vereor,
393 3032 529 3110 quoniam
542 3032 660 3092 omnino
681 3033 768 3092 irasci
788 3033 942 3110 nesciunt;
966 3038 1052 3110 atque
1073 3031 1197 3091 haneiis
1211 3029 1303 3092 habeo
1324 3031 1457 3109 gratiam,
1469 3029 1545 3108 quod

267 3125 321 3187 soli
340 3147 375 3188 ex
396 3127 531 3190 omnibus
562 3127 755 3210 eloquentiam
786 3131 913 3190 virtutem
938 3149 972 3189 ac
1003 3129 1173 3208 sapientiam
1204 3147 1267 3189 esse
1297 3130 1441 3190 dlxerunt.
1473 3123 1542 3188 ibid.

264 3221 420 3287 xvltlcs.
435 3260 477 3272 -
495 3235 596 3288 anusr
620 3245 754 3288 vmrurn
775 3259 816 3270 -
830 3223 865 3286 ll.
882 3223 1037 3304 siquidem,
1053 3224 1130 3304 quod
1144 3243 1252 3292 omnes,
1265 3225 1366 3287 laudes
1384 3223 1472 3284 habet
1484 3271 1493 3300 ,
1507 3215 1546 3283 td

267 3327 310 3382 est
340 3322 491 3401 optimum.
514 3320 555 3383 lle
578 3319 641 3401 Opt.
676 3320 743 3382 Gen.
770 3319 845 3381 Oret.
869 3319 940 3382 llb.
963 3320 1124 3402 -ltaque
1151 3341 1243 3402 quum
1274 3321 1367 3383 multa
1397 3313 1547 3402 praedlara

265 3418 410 3479 maiorum
441 3425 504 3480 tum
517 3418 595 3498 quod
614 3419 720 3498 optime
750 3417 900 3477 constituti
919 3419 990 3478 ioris
1011 3417 1103 3478 civilis
1125 3435 1239 3480 summo
1260 3437 1374 3500 semper
1396 3419 1427 3478 in
1447 3420 1547 3480 bonore

261 3511 320 3574 suit
350 3515 473 3590 cognitio
506 3519 593 3592 atque
626 3507 842 3592 interpretatio:
876 3499 963 3594 quam
995 3515 1113 3595 quidem
1144 3523 1213 3577 ante
1240 3516 1316 3576 hanc
1346 3515 1546 3577 contusionem

266 3617 429 3690 temporum
450 3609 481 3669 in
505 3610 682 3689 possessione
715 3627 768 3670 sua
802 3612 947 3692 principes
982 3615 1186 3698 retinuerunt,
1219 3631 1321 3691 nune,
1345 3621 1377 3674 ut
1398 3615 1543 3690 honores,

265 3714 299 3770 ut
332 3725 432 3769 omnes
451 3706 600 3786 dig'nltatis
633 3707 762 3785 gradus,
799 3710 840 3770 sic
873 3705 969 3770 huius
994 3711 1131 3772 scientiae
1162 3710 1298 3792 splendor
1333 3711 1445 3773 deletus
1479 3719 1543 3788 est,

263 3803 352 3884 idque
372 3821 405 3866 eo
425 3803 595 3882 indignlus,
617 3804 694 3886 quod
715 3819 748 3866 eo
771 3813 897 3886 tempore
927 3805 982 3867 hoe
1013 3809 1149 3885 contigit,
1183 3826 1275 3888 quum
1307 3809 1332 3869 is
1364 3816 1460 3892 esset,
1477 3885 1479 3892 Ι
1494 3795 1546 3890 qui

264 3919 364 3963 omnes
394 3903 579 3983 superiores,
601 3901 707 3984 quibus
738 3906 838 3965 bonore
867 3922 920 3985 par
941 3912 1036 3983 esset,
1060 3905 1180 3968 scientia
1211 3899 1295 3969 laede
1325 3907 1451 3970 vicisset.
1467 3895 1544 3968 llaec

265 3999 355 4077 igitur
375 4014 461 4080 opera
481 4007 564 4080 grata
584 3999 684 4062 multis
705 4007 733 4062 et
753 3999 790 4062 a‘d
811 4001 958 4064 benefieiis
979 4001 1200 4082 obstringendos
1225 4003 1357 4066 homines
1384 4007 1545 4068 accommo

260 4092 340 4160 tata.
361 4095 457 4178 Atque
475 4097 764 4160 hulc'abtidnltima
785 4108 823 4160 tot
843 4099 949 4162 dicendi
969 4103 1077 4179 pronior
1090 4101 1210 4186 'facultas
1240 4103 1267 4164 et
1297 4103 1401 4180 gratior
1418 4111 1444 4164 et
1464 4119 1543 4162 omo-

167 4185 169 4190 ’
262 4195 328 4256 tior.
351 4191 427 4266 Quid
447 4192 525 4255 enim
546 4193 708 4276 eloquentia
728 4187 932 4278 praestabilius
953 4197 998 4258 v‘el
1019 4189 1211 4261 admiratione
1223 4195 1406 4261 audientium
1427 4197 1473 4260 vel
1493 4204 1544 4278 s'p'e

262 4289 455 4369 indigentium
477 4291 523 4354 vel
543 4303 655 4371 eorum,
678 4294 729 4374 qui
749 4293 859 4355 defensi
880 4293 960 4371 sunt,
976 4290 1099 4378 gralia?
1120 4293 1195 4358 Huic
1217 4307 1332 4380 quoque
1353 4316 1422 4376 ergo
1442 4315 1459 4358 a
1482 4301 1544 4372 ma-

260 4385 375 4450 ioribus
394 4387 501 4450 nostris
520 4391 558 4450 ett
577 4391 608 4451 tn
627 4397 688 4468 toga
706 4383 846 4468 dignitatis
865 4387 1039 4472 p'rtnbtpotua
1059 4395 1145 4457 dnos.
1163 4393 1272 4458 'Diserti
1300 4389 1392 4474 igitur
1416 4377 1542 4455 hominis

262 4491 292 4564 et
312 4485 395 4548 facile
414 4486 583 4565 laborantis,
605 4487 740 4568 quodque
759 4488 791 4549 in
811 4490 913 4570 patriis
933 4497 977 4552 est
997 4491 1140 4568 moribus,
1153 4493 1420 4556 multorum'eonror
1440 4499 1543 4556 ernm

260 4589 381 4661 gravate
400 4590 430 4646 et
449 4585 575 4663 gratuito
605 4583 784 4648 defendentis
815 4583 954 4650 beneficia
974 4593 1004 4649 st
1021 4583 1184 4669 patrocinia
1203 4586 1262 4653 late
1276 4596 1393 4672 'poterit
1413 4579 1464 4652 tte
1486 4583 1540 4670 091.
