3572 5444
818 381 999 452 ..21-

271 557 389 618 litudini
409 565 497 635 atque
527 555 663 633 inopiae,
683 553 708 612 si
728 553 805 632 apud
827 553 881 611 hoc
901 552 1054 612 mruriium
1074 569 1110 611 ex
1131 551 1256 629 opibus,
1277 568 1336 609 nou
1365 568 1402 609 ex
1431 554 1552 612 veritate

271 673 357 716 causa
380 653 536 733 pendetur,
556 653 677 728 profesto
697 650 770 708 nihii
792 653 912 708 estium
934 659 1067 708 sanctum
1089 659 1178 726 atque
1196 650 1344 705 sincerrun
1365 649 1397 705 in
1417 650 1550 724 duum,

271 752 344 812 nihil
376 748 451 829 qim
484 749 676 808 humilitatem
708 751 882 825 cuiusquam
913 750 1039 822 gravitas
1060 755 1090 805 et
1120 749 1213 804 virtus
1244 747 1345 803 catium
1374 745 1551 808 monetur.

271 847 328 910 Pro
349 847 459 922 onoa.
481 845 539 908 15.
560 879 602 892 -
622 845 700 920 Fnit,
722 846 777 904 init
798 846 854 904 iliis
877 847 1008 903 iudiciiin
1028 845 1160 902 divinum
1182 861 1215 901 ac
1236 842 1405 918 singulare,
1427 845 1552 919 iudices,

270 946 446 1020 consilium,
468 945 519 1024 qui
540 961 572 1004 se
592 962 649 1003 non
680 943 774 1002 soiurn
796 943 831 1002 de
852 961 924 1013 reo,
957 941 1006 1000 sed
1037 945 1125 1000 etiam
1145 940 1182 998 de
1202 951 1393 1003 accusatore.
1424 941 1460 999 de
1480 949 1554 1002 teste

271 1043 402 1103 indicare
413 1041 645 1114 arbitrabantur,
658 1041 727 1119 qnid
751 1040 862 1114 fictum.
885 1040 955 1118 qnid
977 1041 1092 1098 iortnna
1114 1057 1148 1097 ac
1168 1047 1297 1116 ternpore
1317 1038 1459 1112 adlatum,
1481 1038 1553 1117 quid

271 1143 363 1220 pretio
376 1147 546 1218 corruptum
561 1185 570 1213 ,
592 1138 661 1217 qnid
674 1157 723 1217 spe
734 1148 785 1196 aut
796 1139 955 1196 inimicitiis
968 1138 1127 1215 proiectum
1141 1136 1301 1195 videretur.
1322 1133 1403 1205 Quae
1423 1137 1449 1194 si
1470 1138 1555 1195 iader

270 1255 328 1297 non
349 1237 540 1315 arripiettetur
570 1237 666 1295 munia
687 1235 818 1310 consilio,
841 1253 898 1293 non
920 1237 1071 1293 animone
1093 1242 1190 1291 mente
1209 1235 1435 1311 circumspiciet,
1458 1235 1498 1299 si.
1519 1241 1554 1292 ut

270 1335 400 1414 quidque
420 1353 454 1393 er
477 1333 527 1393 iilo
547 1333 609 1392 loco
628 1333 764 1407 dicetur,
786 1351 821 1392 ex
842 1331 961 1391 oraculo
990 1331 1089 1410 aliquo
1108 1330 1166 1389 dici
1196 1330 1410 1399 arbitrabitur,
1432 1333 1554 1408 poscere

271 1435 342 1492 satis
362 1433 438 1508 erit,
461 1431 491 1491 id
512 1431 588 1510 quod
609 1431 669 1490 dixi
690 1439 796 1504 antea,
819 1449 876 1489 non
898 1429 1044 1502 surdum,
1068 1429 1199 1503 iudices,
1222 1428 1290 1487 hnic
1321 1430 1440 1488 muneri
1466 1438 1553 1507 atque

271 1527 367 1588 officio
386 1547 535 1608 praeesse:
558 1528 632 1586 nihii
653 1531 727 1602 erit,
750 1545 837 1606 mam
859 1527 978 1586 obrem
1001 1526 1049 1585 iiie
1071 1529 1167 1586 nescio
1191 1529 1258 1605 quis
1279 1528 1393 1605 sapiens
1413 1527 1500 1586 boum
1518 1544 1552 1586 ao

271 1611 431 1686 multarum
454 1643 555 1686 rerum
576 1627 688 1704 peritus
708 1625 744 1684 ad
765 1643 812 1684 res
834 1626 989 1684 indicemini
1009 1627 1190 1702 requiratur.
1212 1623 1269 1684 Pro
1288 1623 1369 1683 Foot.
1388 1621 1492 1685 XLV.
1512 1657 1553 1670 -

271 1721 322 1784 Est
351 1725 428 1784 enim
461 1725 598 1803 sapientis
630 1726 729 1783 indicia
750 1723 917 1801 (amoime
936 1742 964 1780 ee
983 1723 1142 1793 tamtum.)
1163 1725 1290 1799 cogitare
1316 1731 1431 1782 tanturn
1458 1722 1552 1784 sidia

270 1821 376 1900 populo
396 1819 526 1881 Romano
545 1838 609 1880 esse
629 1822 826 1900 permissum,
847 1829 990 1899 quantum
1016 1823 1203 1879 commissum
1224 1824 1261 1880 sit
1282 1829 1310 1880 et
1331 1821 1494 1894 creditum,
1519 1829 1549 1879 et

271 1935 329 1978 non
351 1917 446 1977 solum
467 1919 523 1977 sibi
544 1925 711 1997 potestatem
733 1918 852 1992 datam,
875 1935 977 1977 rernm
999 1921 1086 1977 etiarn
1108 1918 1194 1978 fidem
1216 1918 1344 1978 habitam
1364 1937 1426 1977 esse
1446 1919 1548 1977 memi-

269 2017 365 2092 nisse3
388 2033 471 2094 posse
490 2033 577 2094 quem
599 2015 693 2076 oderit
713 2013 872 2090 absolvere,
896 2033 982 2093 quem
1004 2035 1062 2075 non
1083 2017 1176 2076 oderit
1197 2017 1401 2083 condemnare,
1424 2023 1453 2074 et
1473 2033 1548 2074 sem·

271 2127 324 2192 per
343 2129 401 2171 non
422 2111 492 2192 quid
514 2114 575 2192 ipse
596 2113 675 2187 uelit,
685 2105 737 2172 sed
747 2112 817 2192 quid
840 2111 884 2172 lex
906 2119 935 2171 et
955 2111 1058 2189 religio
1067 2123 1149 2189 cogat
1159 2112 1548 2189 cogitare;animadrertere

272 2221 329 2288 qua
351 2207 415 2285 iege
435 2225 504 2268 reus
525 2209 642 2284 citetur,
664 2209 700 2269 de
720 2227 779 2288 quo
798 2227 850 2269 reo
868 2218 1032 2285 cognoscat,
1054 2227 1196 2288 quaeres
1217 2212 1248 2268 in
1268 2213 1437 2288 quaestione
1456 2227 1553 2270 verse·

270 2311 332 2368 tur.
355 2303 452 2378 Qum
475 2305 546 2367 haec
566 2307 690 2366 ridenda
711 2314 774 2367 tum
796 2325 865 2366 vero
885 2307 957 2366 iliud
979 2316 1022 2367 est
1042 2307 1168 2366 hominis
1189 2309 1298 2383 magni,
1321 2305 1444 2380 iudices,
1464 2316 1552 2387 atque

269 2405 419 2484 sapientie,
442 2421 533 2483 quum
555 2403 634 2464 illam
656 2407 795 2465 iudicandi
815 2423 902 2464 causa
923 2403 1059 2463 tabettam
1080 2406 1259 2482 sumpserit,
1282 2422 1340 2462 non
1361 2422 1392 2463 se
1413 2413 1551 2484 reputare

271 2499 365 2561 soiurn
387 2519 449 2561 esse
470 2519 565 2580 neque
585 2501 641 2562 sibi
662 2501 865 2581 quodcumque
886 2502 1065 2580 concupierit
1085 2500 1185 2575 licere,
1208 2500 1258 2560 sed
1279 2500 1387 2560 habere
1407 2503 1438 2560 in
1459 2504 1553 2562 consi·

271 2593 311 2657 iio
331 2597 436 2674 legem,
459 2597 839 2676 religionem,aequitatem,
852 2597 956 2657 fidem:
979 2597 1129 2656 libidinem
1150 2605 1260 2672 autem,
1275 2597 1387 2673 odium,
1399 2598 1549 2674 invidiam,

270 2701 381 2755 metum
413 2693 644 2774 cupiditatesque
663 2713 764 2754 ornnes
789 2713 923 2754 amovere
954 2695 1131 2772 maximique
1161 2696 1316 2753 aestimare
1346 2696 1550 2754 conscientiam

272 2791 378 2851 mentis
408 2807 501 2868 suae,
523 2807 611 2870 quarn
632 2789 669 2851 ab
690 2791 735 2850 dis
756 2789 969 2850 immortalibus
999 2791 1184 2868 accepimus,
1207 2809 1282 2869 qnae
1302 2809 1319 2850 a
1340 2791 1424 2852 nobis
1453 2790 1550 2851 divelli

273 2903 331 2946 non
353 2893 462 2967 potest3
484 2889 605 2968 quaesi
626 2889 800 2968 optimorum
831 2885 1018 2948 consiliorum
1040 2895 1128 2966 atque
1146 2887 1289 2948 factorum
1319 2890 1400 2948 test'n
1419 2890 1450 2948 in
1471 2889 1550 2948 omni

269 2983 328 3045 vita
360 2983 443 3045 nobis
474 2987 550 3062 erit,
578 2989 641 3047 sine
662 2985 722 3046 ulio
753 2994 833 3047 metu
854 2993 882 3046 et
903 3003 1018 3045 summa
1048 3003 1117 3045 cum
1147 2986 1298 3046 honestate
1331 2988 1470 3047 vivemus,
1492 2986 1549 3045 Pro

272 3079 376 3144 Liueot.
399 3081 605 3146 Lvlttdoea.
637 3117 678 3129 -
698 3085 840 3161 ingeniosi
861 3093 889 3144 et
909 3085 995 3164 periti
1025 3091 1054 3143 et
1074 3084 1160 3162 aequi
1180 3085 1279 3143 iudicia
1306 3083 1358 3144 has
1376 3091 1466 3162 portes
1486 3098 1547 3140 esse

268 3179 451 3242 existimatis.
484 3181 541 3242 Pro
561 3179 641 3242 Font.
663 3179 753 3243 Xdi.
774 3213 815 3226 --
836 3181 956 3260 Semper
987 3197 1090 3256 greum
1110 3187 1138 3239 et
1158 3182 1301 3259 sapientes
1331 3182 1431 3241 indices
1450 3180 1482 3237 in
1502 3193 1549 3237 re

270 3273 326 3337 bns
347 3277 510 3342 iudicandis
530 3277 601 3359 quid
630 3277 739 3339 utilitas
770 3279 915 3353 civitatis,
938 3276 1008 3355 quid
1035 3279 1198 3337 communis
1229 3277 1320 3354 salus,
1342 3277 1413 3357 quid
1433 3277 1478 3335 rei
1497 3293 1551 3355 pn-

266 3371 362 3435 itiicae
382 3383 511 3455 tempora
532 3383 683 3456 poscerent
703 3373 913 3452 cogitaverunt.
935 3373 991 3434 Pro
1011 3373 1103 3436 staec.
1120 3373 1300 3438 xxxmae
1315 3409 1357 3420 -
1369 3373 1506 3436 omnibns
1519 3374 1551 3433 in

270 3469 371 3546 rebus,
393 3471 503 3540 iudico.
526 3489 601 3550 quae
622 3471 769 3547 graviores
790 3469 971 3551 maioresque
991 3480 1080 3549 sunt,
1100 3473 1172 3552 quid
1192 3475 1316 3552 quisque
1336 3472 1481 3550 voluerit,
1504 3489 1551 3532 co-

262 3565 382 3645 ·gitarit,
404 3563 567 3643 admiserit,
590 3585 648 3627 non
669 3583 703 3628 ex
725 3567 859 3644 crimine,
882 3569 932 3630 sed
953 3587 987 3630 ex
1009 3569 1142 3630 moribus
1163 3572 1237 3644 eius,
1260 3571 1311 3647 qui
1332 3571 1485 3645 arguitur,
1508 3575 1551 3629 est

269 3661 502 3745 ponderandum.
525 3662 625 3745 Neque
646 3665 724 3726 enirn
755 3671 846 3745 potest
877 3667 1030 3746 quisquam
1063 3673 1196 3726 nostrum
1227 3664 1323 3726 subito
1353 3665 1425 3742 fingi
1456 3683 1551 3746 neque

268 3761 413 3841 cuiusque
443 3769 561 3843 repente
582 3763 639 3823 vita
671 3764 780 3824 mutari
800 3769 851 3824 aut
871 3772 977 3824 natura
1008 3765 1148 3825 converti.
1170 3763 1226 3824 Pro
1247 3761 1315 3824 Soti.
1338 3761 1479 3826 xxvua.
1510 3791 1552 3809 -·

269 3869 357 3927 Qonn
371 3855 457 3923 -ν,
476 3857 550 3933 Quae
561 3877 640 3922 vero.
656 3857 697 3921 De
710 3857 764 3942 Off.
781 3859 813 3922 L.
830 3859 862 3923 P.
876 3859 978 3923 titas.
989 3877 1106 3940 -quoe
1117 3860 1185 3920 sint.
1202 3859 1243 3920 De
1257 3856 1334 3921 Orod.
1348 3858 1380 3922 L.
1394 3859 1428 3923 T.
1441 3861 1548 3924 L.195.

287 4019 474 4092 vnnsos
500 3971 893 4095 moounnnstnus
918 4021 1205 4094 omousianos
1235 3989 1533 4116 oenomao).

432 4167 530 4252 ficta
558 4171 750 4270 voluptatis
778 4190 895 4252 eausa
924 4171 995 4251 sint
1022 4173 1180 4271 portua
1207 4172 1326 4266 verim

286 4287 408 4384 'Ficta
427 4323 468 4338 -
491 4289 523 4356 V.
546 4291 617 4370 iila,
640 4309 715 4372 quae
735 4289 799 4352 aliis
820 4291 883 4368 sic,
915 4290 980 4354 odiis
1011 4309 1095 4354 secus
1125 4311 1191 4378 neo
1210 4291 1313 4354 iisdem
1344 4310 1458 4374 semper
1490 4308 1550 4356 uno

271 4387 355 4453 undo
375 4387 523 4472 videntur,
545 4389 608 4472 licta
629 4404 691 4466 esso
711 4387 847 4452 dicimus.
868 4387 910 4452 De
929 4389 994 4472 Lep.
1018 4389 1052 4452 L.
1074 4391 1108 4453 P.
1130 4387 1549 4484 XVH.di.-Lrgumentupt

292 4561 342 4638 (i)
361 4559 560 4626 videmnus:
580 4557 873 4624 vnn-cxxvt-dtt.
